amount,date,price,tid,type,satoshi,volume
0.00069591,1679177879,143695.97000001,14905585,buy,69591,99.99946248270697
0.0073,1679177898,143695.97000001,14905586,sell,730000,1048.980581000073
0.001,1679177898,143695.97,14905587,sell,100000,143.69597000000002
0.0146,1679177898,143652.19221161,14905588,sell,1460000,2097.322006289506
0.0142,1679177898,143652.11225145,14905589,sell,1420000,2039.85999397059
0.0414,1679177898,143622.32615913,14905590,sell,4140000,5945.964302987982
0.0364,1679177898,143622.25111751,14905591,sell,3640000,5227.849940677364
0.00873,1679177898,143621.71213432,14905592,sell,873000,1253.8175469326136
0.00883,1679177898,143621.61274131,14905593,sell,882999,1268.1788405057673
0.00921,1679177898,143621.41168042,14905594,sell,921000,1322.753201576668
0.00912,1679177898,143621.37907302,14905595,sell,912000,1309.8269771459425
0.00787,1679177898,143621.27659262,14905596,sell,787000,1130.2994467839194
0.00777,1679177898,143621.12363172,14905597,sell,777000,1115.9361306184644
0.00825,1679177898,143621.04601172,14905598,sell,825000,1184.87362959669
0.00941,1679177898,143620.66636842,14905599,sell,941000,1351.4704705268323
0.18828834,1679177898,143618.77301186,14905600,sell,18828834,27041.74036323992
0.18828872,1679177898,143618.48408622,14905601,sell,18828872,27041.740536934733
0.00921,1679177898,143591.30228516,14905602,sell,921000,1322.4758940463234
0.00883,1679177898,143577.66765421,14905603,sell,882999,1267.7908053866743
0.00845,1679177898,143575.6049961,14905604,sell,844999,1213.213862217045
0.00902,1679177898,143575.5933506,14905605,sell,902000,1295.0518520224118
0.00921,1679177898,143575.2882385,14905606,sell,921000,1322.328404676585
0.00835,1679177898,143575.230011,14905607,sell,835000,1198.8531705918501
0.00902,1679177898,143574.3565985,14905608,sell,902000,1295.04069651847
0.00883,1679177898,143574.0235372,14905609,sell,882999,1267.7586278334759
0.20033697,1679177898,143572,14905610,sell,20033697,28762.779456840002
0.00036533,1679177913,143595.17731319,14905611,sell,36533,52.459626127827704
0.0008,1679177965,143632.12441621,14905612,sell,80000,114.905699532968
0.0008,1679177965,143619.97760544,14905613,sell,80000,114.89598208435201
0.00034636,1679177965,143619.9774023,14905614,sell,34636,49.74421537306062
0.00035062,1679178017,143599.79507585,14905615,sell,35062,50.34896014949453
3.376e-05,1679178047,143645.61984747,14905616,buy,3376,4.849476126050587
2.891e-05,1679178115,143639.80333019,14905617,sell,2891,4.152626714275793
0.00024563,1679178141,143565.38681,14905618,sell,24563,35.2639659621403
0.00010563,1679178204,143562.42,14905619,sell,10563,15.164498424600001
0.01,1679178304,143578,14905620,buy,1000000,1435.78
0.0022264,1679178379,143562.42,14905621,sell,222640,319.627371888
0.00198616,1679178384,143562.42,14905622,sell,198615,285.1379361072
0.00140531,1679178384,143562.4,14905623,sell,140531,201.74967634399997
0.00547152,1679178389,143562.4,14905624,sell,547152,785.5045428479999
8.878e-05,1679178435,143562.4,14905625,sell,8878,12.745469872
1.352e-05,1679178465,143490.5590352,14905626,buy,1352,1.9399923581559042
9.39e-06,1679178493,143439.81609808,14905627,sell,939,1.3468998731609712
0.0009,1679178531,143484.7979619,14905628,sell,90000,129.13631816571
0.0008,1679178531,143481.29833865,14905629,sell,80000,114.78503867092
0.0008,1679178531,143392.65287516,14905630,sell,80000,114.71412230012801
0.0008,1679178531,143389.15473561,14905631,sell,80000,114.71132378848802
0.00213986,1679178531,143382.9257948,14905632,sell,213986,306.8193875912607
0.0008,1679178595,143497.14002257,14905633,sell,80000,114.797712018056
0.0008,1679178595,143496.69460881,14905634,sell,80000,114.79735568704801
0.0008,1679178595,143496.69459026,14905635,sell,80000,114.79735567220801
0.0009,1679178595,143420.08907021,14905636,sell,90000,129.078080163189
0.00486253,1679178595,143420.0890702,14905637,sell,486253,697.3844857065196
0.0001394,1679178622,143470.53940859,14905638,buy,13940,19.999793193557448
0.00035432,1679178649,143567.75998186,14905639,buy,35432,50.86892871677263
0.0008,1679178696,143452.25725405,14905640,sell,80000,114.76180580324001
0.02991755,1679178696,143410.00646653,14905641,sell,2991755,4290.4760389627345
0.0008,1679178747,143410.00639999,14905642,sell,80000,114.728005119992
0.00515,1679178747,143394.75855809,14905643,sell,515000,738.4830065741635
0.00485,1679178747,143393.1142135,14905644,sell,485000,695.456603935475
0.00562,1679178747,143391.89143599,14905645,sell,562000,805.8624298702638
0.00521,1679178747,143391.77498098,14905646,sell,521000,747.0711476509058
0.00545,1679178747,143391.38136309,14905647,sell,545000,781.4830284288406
0.00568,1679178747,143389.7579804,14905648,sell,568000,814.453825328672
0.11808179,1679178747,143378,14905649,sell,11808179,16930.330886620002
0.0008,1679178780,143397.72740001,14905650,sell,80000,114.71818192000799
0.00275171,1679178780,143397.7274,14905651,sell,275171,394.58896046385405
0.00408299,1679178782,143397.7274,14905652,sell,408299,585.491486996926
0.0009,1679178782,143393.66182862,14905653,sell,90000,129.054295645758
0.0008,1679178782,143393.6617899,14905654,sell,80000,114.71492943192001
0.0044,1679178782,143379.96370705,14905655,sell,440000,630.87184031102
0.00171021,1679178782,143379.52117806,14905656,sell,171021,245.20909091393
0.0008,1679178807,143448.95906,14905657,sell,80000,114.759167248
0.00397,1679178807,143389.84142015,14905658,sell,396999,569.2576704379954
0.00447,1679178807,143389.41053665,14905659,sell,447000,640.9506650988254
0.00472,1679178807,143384.47517376,14905660,sell,472000,676.7747228201472
0.00477,1679178807,143383.98140456,14905661,sell,477000,683.9415912997512
0.00427,1679178807,143383.93482255,14905662,sell,427000,612.2494016922886
0.00213982,1679178807,143383.81603845,14905663,sell,213982,306.8155572353961
0.0012337,1679178830,143510.60811734,14905664,buy,123369,177.04903723436232
0.0009,1679178841,143477.11200106,14905665,sell,90000,129.12940080095402
0.0008,1679178841,143476.68483129,14905666,sell,80000,114.78134786503202
0.0009,1679178841,143476.68453151,14905667,sell,90000,129.129016078359
0.0008,1679178841,143476.68453151,14905668,sell,80000,114.781347625208
0.00401,1679178841,143423.82543489,14905669,sell,400999,575.1295399939088
0.00392,1679178841,143422.45359499,14905670,sell,392000,562.2160180923607
0.00375,1679178841,143420.3993288,14905671,sell,375000,537.826497483
0.0037,1679178841,143419.2277915,14905672,sell,370000,530.65114282855
0.0041,1679178841,143418.60796614,14905673,sell,410000,588.016292661174
0.00388,1679178841,143417.59946583,14905674,sell,388000,556.4602859274204
0.00068285,1679178841,143413.28,14905675,sell,68285,97.929758248
0.01881256,1679178841,143409.7537656,14905676,sell,1881256,2697.904597300576
0.00013946,1679178868,143433.37768448,14905677,buy,13946,20.003218851877577
0.0008,1679178873,143405.53805958,14905678,sell,80000,114.724430447664
0.00336,1679178873,143351.29820589,14905679,sell,336000,481.6603619717904
0.00336,1679178873,143350.8952716,14905680,sell,336000,481.659008112576
4.881e-05,1679178873,143350.3129966,14905681,sell,4881,6.9969287773640465
5.721e-05,1679178877,143403.83866572,14905682,sell,5721,8.20413361006584
7.1e-06,1679178882,143433.3776842,14905683,buy,710,1.01837698155782
0.00022916,1679178895,143440.80939866,14905684,sell,22916,32.870895881796926
0.0349,1679178903,143431.22973279,14905685,buy,3490000,5005.749917674371
0.00339047,1679178903,143431.22973279,14905686,buy,339047,486.2992814721325
0.0153,1679178907,143415.00757001,14905687,buy,1530000,2194.249615821153
0.0417,1679178907,143415.00757001,14905688,buy,4170000,5980.405815669417
0.0076,1679178907,143415.00757001,14905689,buy,760000,1089.954057532076
0.0139,1679178907,143415.00993331,14905690,buy,1390000,1993.468638073009
1.014e-05,1679178909,143415.01147432,14905691,buy,1014,1.4542282163496048
0.00020283,1679178921,143479.98502763,14905692,buy,20283,29.102045363154193
0.0005411,1679178950,143425.65381726,14905693,buy,54110,77.60762128051938
0.007,1679178997,143415.00757001,14905694,buy,700000,1003.90505299007
0.01439945,1679179004,143415.01502661,14905695,sell,1439945,2065.097338124919
0.00549836,1679179015,143330.00389276,14905696,buy,549836,788.0799602037958
0.00343897,1679179060,143225.80012424,14905697,buy,343897,492.5492298532576
0.007,1679179062,143176.19229291,14905698,buy,700000,1002.2333460503701
0.0067,1679179064,143209.14298511,14905699,buy,670000,959.501258000237
0.00139523,1679179069,143176.2,14905700,sell,139523,199.763729526
0.00227229,1679179069,143145.46339315,14905701,sell,227229,325.2680050136209
0.00013751,1679179073,143154.72050892,14905702,sell,13751,19.68520561718159
0.0065,1679179100,143205.70840693,14905703,buy,650000,930.837104645045
0.0059,1679179100,143205.70840714,14905704,buy,590000,844.9136796021259
0.0058,1679179100,143206.53628899,14905705,buy,580000,830.5979104761419
0.0066,1679179101,143206.54102662,14905706,buy,660000,945.1631707756919
0.008,1679179113,143163.33338085,14905707,sell,800000,1145.3066670468002
0.00712566,1679179113,143163.33338085,14905708,sell,712566,1020.1332381385876
6.98e-06,1679179133,143257.39675723,14905709,buy,698,0.9999366293654653
0.00046816,1679179185,143262.81250387,14905710,buy,46816,67.06991830181178
0.0078,1679179197,143214.8952908,14905711,sell,780000,1117.07618326824
0.02644742,1679179197,143200.52881763,14905712,sell,2644742,3787.2845298619636
3.488e-05,1679179210,143308.99523985,14905713,buy,3488,4.998617753965967
6.569e-05,1679179213,143243.45048623,14905714,buy,6569,9.409662262440449
0.00128347,1679179280,143173.59378952,14905715,sell,128347,183.75901242103527
0.0069,1679179292,143177.31179502,14905716,buy,690000,987.923451385638
0.00176297,1679179299,143106.74192045,14905717,buy,176297,252.29289280349573
0.00130255,1679179314,143100,14905718,sell,130255,186.394905
0.00151447,1679179333,143100.00000001,14905719,buy,151447,216.72065700001517
0.00262696,1679179362,143100,14905720,sell,262696,375.91797599999995
0.00856056,1679179362,143028.4359308,14905721,sell,856056,1224.4035074917695
0.0057,1679179372,143000.00005001,14905722,buy,570000,815.1000002850571
0.00708033,1679179394,143000,14905723,sell,708033,1012.48719
0.01180078,1679179399,143000,14905724,sell,1180078,1687.51154
0.0051,1679179408,142689.07017723,14905725,buy,510000,727.714257903873
0.0059,1679179408,142689.2597576,14905726,buy,590000,841.8666325698399
0.0061177,1679179409,142689.26254193,14905727,sell,611770,872.9301014527651
7.017e-05,1679179459,142500.00000001,14905728,buy,7017,9.999225000000703
0.00035428,1679179468,142500,14905729,sell,35428,50.4849
0.00112107,1679179485,142500.00000001,14905730,buy,112107,159.75247500001123
0.00131924,1679179509,142500,14905731,sell,131924,187.99169999999998
0.00032648,1679179512,142500,14905732,sell,32647,46.523399999999995
0.003,1679179512,142400,14905733,sell,300000,427.2
0.00817352,1679179512,142375.42311391,14905734,sell,817352,1163.7083683300057
0.0071,1679179523,142586.61632512,14905735,sell,710000,1012.3649759083521
0.0073,1679179523,142586.61629612,14905736,sell,730000,1040.8822989616758
0.00139137,1679179523,142569.80620733,14905737,sell,139137,198.36735126269275
0.00061821,1679179565,142837.29385735,14905738,sell,61821,88.30344343555235
0.00033385,1679179580,142997.05819681,14905739,buy,33385,47.739567879005016
9.696e-05,1679179598,143062.81937043,14905740,buy,9696,13.87137096615689
0.00016281,1679179608,142988.62575385,14905741,sell,16281,23.279978158984317
0.00069923,1679179650,143014.3401206,14905742,buy,69923,99.99991704252714
8.901e-05,1679179658,142535.00267,14905743,sell,8901,12.6870405876567
0.00071474,1679179658,142535.00266162,14905744,sell,71474,101.87546780236627
0.0002,1679179675,142762.53065189,14905745,sell,20000,28.552506130378003
7.71e-05,1679179686,142848.87872458,14905746,sell,7710,11.013648549665119
0.0002079,1679179688,142848.34549052,14905747,sell,20790,29.69817102747911
0.00081268,1679179742,142648.45545214,14905748,sell,81268,115.92754677684515
0.00146077,1679179743,142698.39508704,14905749,buy,146077,208.44953459129542
0.0075,1679179763,142655.86506805,14905750,sell,750000,1069.918988010375
0.00451358,1679179763,142633.07400304,14905751,sell,451357,643.7857901586412
0.00132744,1679179826,142774.58746586,14905752,sell,132744,189.5246983856812
0.007,1679179842,142775.19334969,14905753,sell,700000,999.42635344783
5.62e-05,1679179842,142757.18376771,14905754,sell,5620,8.022953727745302
1.014e-05,1679179869,142858.59466668,14905755,buy,1014,1.4485861499201351
0.00024864,1679179882,142833.34849973,14905756,sell,24864,35.51408377097287
1.008e-05,1679179911,142794.8503739,14905757,buy,1008,1.4393720917689121
0.00237814,1679179914,142748.38650106,14905758,sell,237814,339.47564787363086
0.0075,1679179989,142533.18737071,14905759,sell,750000,1068.9989052803248
0.0163,1679179989,142501.53646513,14905760,sell,1629999,2322.7750443816185
0.0152,1679179989,142499.0897623,14905761,sell,1520000,2165.98616438696
0.0405,1679179989,142470.68353864,14905762,sell,4050000,5770.062683314921
0.03112519,1679179989,142375.00259814,14905763,sell,3112519,4431.4490071176015
0.5775,1679179989,142277,14905764,sell,57750000,82164.9675
0.00319,1679179989,142164.4462079,14905765,sell,319000,453.504583403201
0.00355841,1679179989,142161.83999,14905766,sell,355841,505.87011303881593
0.00337,1679179989,142161.83994499,14905767,sell,337000,479.08540061461633
0.00315,1679179989,142161.6652625,14905768,sell,315000,447.809245576875
0.00333,1679179989,142161.5814149,14905769,sell,333000,473.39806611161697
0.00297,1679179989,142160.9106341,14905770,sell,297000,422.217904583277
0.00333,1679179989,142160.8477484,14905771,sell,333000,473.39562300217204
0.00351,1679179989,142160.64045849,14905772,sell,351000,498.9838480092999
0.00341,1679179989,142159.1498345,14905773,sell,341000,484.762700935645
0.0033,1679179989,142157.9829554,14905774,sell,330000,469.12134375281994
0.00326,1679179989,142157.857184,14905775,sell,326000,463.43461441984
0.00322,1679179989,142154.6593297,14905776,sell,322000,457.738003041634
0.00293,1679179989,142154.6011022,14905777,sell,293000,416.5129812294459
0.00348,1679179989,142154.5428747,14905778,sell,348000,494.69780920395607
0.03117388,1679179989,142152.63781848,14905779,sell,3117388,4431.449273036757
0.03117388,1679179989,142152.63390924,14905780,sell,3117388,4431.449151170578
0.0311257,1679179989,142152.63227577,14905781,sell,3112570,4424.600186425934
0.14597,1679179989,142152.63,14905782,sell,14596999,20750.0194011
0.15214897,1679179989,142152.63,14905783,sell,15214897,21628.3762372911
0.00351,1679179989,142143.7502343,14905784,sell,351000,498.92456332239306
0.8922,1679179989,142134,14905785,sell,89220000,126811.95479999999
0.00322,1679179989,142003.4454225,14905786,sell,322000,457.25109426045003
0.00351,1679179989,142002.6302375,14905787,sell,351000,498.429232133625
0.00293,1679179989,142001.9245202,14905788,sell,293000,416.06563884418597
1e-05,1679179989,142000,14905789,sell,1000,1.4200000000000002
0.05422542,1679179989,142000,14905790,sell,5422542,7700.00964
0.01,1679179989,142000,14905791,sell,1000000,1420.0
7.43e-05,1679179989,141800,14905792,sell,7430,10.53574
0.00014,1679179989,141737.936,14905793,sell,13999,19.843311039999996
0.02319715,1679179989,141664.47591576,14905794,sell,2319715,3286.2120974892723
0.00035465,1679179989,141518.01,14905795,sell,35465,50.189362246499996
0.00510408,1679179989,141500.09,14905796,sell,510408,722.2277793672
0.00657208,1679179989,141500.06,14905797,sell,657208,929.9497143248
0.0552,1679179989,141500.0001,14905798,sell,5520000,7810.80000552
0.00012017,1679179989,141433.11,14905799,sell,12017,16.996016828699997
0.00094766,1679179989,141400,14905800,sell,94766,133.999124
0.15436,1679179989,141240.28354,14905801,sell,15436000,21801.8501672344
0.04684933,1679179989,141239.53354,14905802,sell,4684933,6616.977515861528
0.00160376,1679179990,142533.17729421,14905803,sell,160376,228.58900841736227
0.00152967,1679179991,142533.17729421,14905804,sell,152967,218.02872531163422
0.00701887,1679180000,142472.88524803,14905805,buy,701887,999.9986600808404
0.0030278,1679180052,142440.10339351,14905806,sell,302780,431.28014505486965
0.0039,1679180057,142435.22311096,14905807,sell,390000,555.497370132744
0.00210293,1679180057,142361.61520752,14905808,sell,210292,299.37651146835
0.00207428,1679180057,142472.87999999,14905809,buy,207428,295.52864552637925
0.00010216,1679180068,142436.55913351,14905810,buy,10216,14.55131888107938
9.962e-05,1679180073,142438.0873831,14905811,sell,9962,14.189682265104423
0.00590971,1679180093,142472.87998,14905812,sell,590971,841.9734035466058
0.00518346,1679180093,142361.16959762,14905813,sell,518346,737.9234281624794
6.392e-05,1679180128,142338.76439848,14905814,buy,6392,9.098293820350841
7e-05,1679180152,142299.99999999,14905815,sell,6999,9.960999999999299
0.00115959,1679180175,142242.91000001,14905816,sell,115959,164.9434560069116
0.01137395,1679180187,142202.03,14905817,sell,1137395,1617.3987791185
0.0041,1679180187,142234.16561211,14905818,sell,410000,583.160079009651
0.05271605,1679180187,142202.03,14905819,sell,5271605,7496.3293235815
0.0071,1679180187,142169.18959264,14905820,sell,710000,1009.4012461077441
0.0074,1679180187,142159.12000001,14905821,sell,740000,1051.9774880000741
0.03999,1679180187,142159.12,14905822,sell,3999000,5684.943208799999
0.08082597,1679180187,142158.84,14905823,sell,8082597,11490.1261370748
5.742e-05,1679180236,142068.02182235,14905824,buy,5742,8.157545813039338
0.00076727,1679180246,142037.13851033,14905825,sell,76727,108.9808352648209
0.00920512,1679180249,141935.67084494,14905826,buy,920512,1306.5348824081743
0.00916998,1679180249,141935.67084493,14905827,buy,916998,1301.5472629345911
0.00712048,1679180263,141844.7,14905828,sell,712048,1010.0023494560002
0.0215,1679180270,141882.24785338,14905829,buy,2150000,3050.4683288476695
0.0134,1679180271,141882.24785338,14905830,buy,1340000,1901.222121235292
0.00811075,1679180271,141882.34212651,14905831,buy,811075,1150.7722064025909
0.00618925,1679180273,141882.34212651,14905832,buy,618925,878.145286006502
0.00101075,1679180273,141882.35985073,14905833,buy,101075,143.40759521912534
6.837e-05,1679180286,141882.35985073,14905834,buy,6837,9.700496942994409
0.00069197,1679180315,142361.16,14905835,buy,69197,98.5096518852
0.0141,1679180322,142003.09163826,14905836,buy,1410000,2002.243592099466
0.0081,1679180322,142003.09163827,14905837,buy,810000,1150.225042269987
0.0149,1679180322,142003.20336453,14905838,buy,1490000,2115.847730131497
0.0073,1679180322,142005.39581941,14905839,buy,730000,1036.6393894816931
0.0065,1679180325,141985.09782759,14905840,buy,650000,922.9031358793351
0.00033653,1679180325,142033.80140332,14905841,buy,33653,47.798635186259276
0.0066,1679180327,141974.40312972,14905842,buy,660000,937.031060656152
0.00728247,1679180328,141930.00000001,14905843,sell,728247,1033.600967100073
6.83e-06,1679180335,141930.00000002,14905844,buy,683,0.9693819000001366
0.00187207,1679180348,141910.94851403,14905845,sell,187207,265.6672293846601
0.0085,1679180352,141910.8476119,14905846,sell,850000,1206.2422047011503
0.00295301,1679180352,141883.5308611,14905847,sell,295301,418.9834854681369
0.00668999,1679180357,141957.40706966,14905848,buy,668999,949.6936337219546
0.0069,1679180363,141939.91779665,14905849,buy,690000,979.385432796885
0.0007,1679180363,141939.91779665,14905850,buy,70000,99.357942457655
0.0062,1679180363,141940.01078841,14905851,buy,620000,880.028066888142
2.4e-05,1679180364,141859.66976948,14905852,sell,2400,3.4046320744675205
0.0069,1679180366,141922.54739786,14905853,buy,690000,979.2655770452341
0.00041024,1679180370,141930.66657853,14905854,buy,41024,58.225636657176146
0.0055,1679180372,141930.66657852,14905855,buy,550000,780.61866618186
0.0010062,1679180375,141917.26984951,14905856,buy,100620,142.79715692257696
0.0073,1679180385,141872.54717223,14905857,sell,730000,1035.669594357279
0.00022531,1679180385,141872.41802,14905858,sell,22531,31.965274504086203
0.0057,1679180386,141920.71201027,14905859,buy,570000,808.9480584585391
5e-07,1679180386,141920.71321147,14905860,buy,50,0.07096035660573499
0.00052846,1679180387,141920.71201026,14905861,buy,52846,74.99941946894201
0.00530285,1679180393,141939.97080459,14905862,buy,530285,752.6863741811201
0.00702175,1679180397,142005.39,14905863,buy,702175,997.1263472325002
0.00538196,1679180400,141970.83491607,14905864,buy,538196,764.0813546848921
0.00540265,1679180402,141970.82522063,14905865,buy,540265,767.0186788782368
0.0045,1679180407,141992.41624203,14905866,buy,449999,638.965873089135
0.0052,1679180407,141992.19616577,14905867,buy,520000,738.359420062004
0.005,1679180407,141992.41623664,14905868,buy,500000,709.9620811832001
0.00040269,1679180407,142060.64882662,14905869,buy,40269,57.2064026759916
0.0051,1679180409,141992.03839395,14905870,buy,510000,724.159395809145
4.94e-06,1679180409,141992.04439736,14905871,buy,494,0.7014406993229585
0.00079542,1679180420,141977.69059925,14905872,sell,79542,112.93189465645544
0.00350255,1679180427,142069.99476775,14905873,buy,350255,497.6072601737828
0.01331,1679180438,142034.09256174,14905874,buy,1331000,1890.4737719967593
0.0121,1679180438,142034.09256174,14905875,buy,1210000,1718.6125199970538
0.012405,1679180438,142034.09256174,14905876,buy,1240500,1761.9329182283846
0.0121,1679180438,142034.09256174,14905877,buy,1210000,1718.6125199970538
0.014675,1679180438,142034.09256174,14905878,buy,1467500,2084.3503083435344
0.013465,1679180438,142034.09256174,14905879,buy,1346500,1912.489056343829
0.014675,1679180438,142034.09256174,14905880,buy,1467500,2084.3503083435344
0.013765,1679180438,142034.09256174,14905881,buy,1376500,1955.099284112351
0.012705,1679180438,142034.09256174,14905882,buy,1270500,1804.5431459969066
0.012255,1679180438,142034.09256174,14905883,buy,1225500,1740.6278043441237
0.013765,1679180438,142034.09256174,14905884,buy,1376500,1955.099284112351
0.0121,1679180438,142034.09256174,14905885,buy,1210000,1718.6125199970538
0.01301,1679180438,142034.09256174,14905886,buy,1301000,1847.8635442282373
0.01331,1679180438,142034.09256174,14905887,buy,1331000,1890.4737719967593
0.013465,1679180438,142034.09256174,14905888,buy,1346500,1912.489056343829
0.0422903,1679180438,142035,14905889,buy,4229030,6006.7027605
0.012285,1679180443,142034.09256174,14905890,buy,1228500,1744.888827120976
0.010385,1679180443,142034.09256174,14905891,buy,1038500,1475.0240512536698
0.00826,1679180443,142034.09256174,14905892,buy,826000,1173.2016045599723
0.00024041,1679180449,141956.88816183,14905893,sell,24041,34.12785548298555
0.0034,1679180474,141968.70584457,14905894,buy,340000,482.693599871538
0.01493489,1679180474,142018.44005399,14905895,buy,1493489,2121.0297801779343
0.0033,1679180530,141850.30370688,14905896,buy,330000,468.106002232704
0.0006,1679180530,141850.30465272,14905897,buy,59999,85.11018279163198
0.00025881,1679180533,141791.03152555,14905898,sell,25881,36.6969368691276
0.0039,1679180533,141837.41627081,14905899,buy,390000,553.165923456159
0.00332111,1679180537,141834.27146204,14905900,buy,332111,471.04721729529564
0.0008,1679180544,141865.68622951,14905901,buy,80000,113.492548983608
0.0009,1679180544,141946.12342698,14905902,buy,90000,127.75151108428199
0.0009,1679180544,141946.13262662,14905903,buy,90000,127.751519363958
0.00110165,1679180544,142018.73497937,14905904,buy,110165,156.45493939002296
0.00312259,1679180553,141825.47134268,14905905,sell,312259,442.8627985599391
0.0008,1679180555,141855.41364472,14905906,buy,80000,113.48433091577601
0.00010186,1679180555,141942.76554635,14905907,buy,10186,14.458290098551213
0.0009,1679180561,141887.18209352,14905908,buy,90000,127.698463884168
0.00047126,1679180561,141948.13314543,14905909,buy,47126,66.89447722611534
0.0008,1679180562,141948.05771043,14905910,buy,80000,113.558446168344
4.5e-07,1679180562,142019.05915357,14905911,buy,45,0.0639085766191065
0.0006941,1679180572,141924.5822321,14905912,buy,69410,98.50985252730061
0.0391,1679180575,141893.71260621,14905913,sell,3910000,5548.044162902811
0.036,1679180575,141893.71260098,14905914,sell,3599999,5108.17365363528
7.048e-05,1679180580,141880.86705639,14905915,buy,7048,9.999763510134368
0.0078,1679180582,141880.86705638,14905916,buy,780000,1106.6707630397639
0.02214952,1679180582,141880.86705639,14905917,buy,2214952,3142.5931024828515
0.02101,1679180582,141881.41303399,14905918,buy,2101000,2980.92848784413
0.02198,1679180582,141881.45433995,14905919,buy,2198000,3118.5543663921007
0.02343,1679180582,141881.62983275,14905920,buy,2343000,3324.2865869813327
0.02029,1679180582,141881.91513839,14905921,buy,2029000,2878.784058157933
0.011595,1679180582,141884.27197436,14905922,buy,1159500,1645.148133542704
0.01123,1679180582,141884.28429119,14905923,buy,1123000,1593.3605125900638
0.0198,1679180582,141887.2534658,14905924,buy,1980000,2809.36761862284
0.02294,1679180582,141888.7646538,14905925,buy,2294000,3254.9282611581716
0.11146548,1679180582,141891,14905926,buy,11146548,15815.948422680001
0.00047286,1679180583,141877.39863619,14905927,buy,47286,67.0881467191088
0.01681,1679180587,141873.30098654,14905928,buy,1680999,2384.8901895837375
0.01661,1679180587,141876.80840515,14905929,buy,1661000,2356.5737876095413
0.01918,1679180587,141876.80853499,14905930,buy,1918000,2721.1971877011083
0.01177,1679180587,141877.42057279,14905931,buy,1177000,1669.8972401417382
0.0064,1679180591,141852.15433968,14905932,buy,640000,907.8537877739521
0.00625041,1679180594,141891,14905933,buy,625041,886.8769253099999
6.978e-05,1679180601,141845.69546931,14905934,sell,6978,9.897992629848453
6.83e-06,1679180614,141889.44981945,14905935,buy,683,0.9691049422668435
3.523e-05,1679180614,141891,14905936,buy,3523,4.99881993
0.0064,1679180622,141801.01000001,14905937,buy,640000,907.526464000064
0.0112,1679180622,141837.61206641,14905938,buy,1120000,1588.5812551437919
0.00501192,1679180626,141801.01000001,14905939,buy,501191,710.69531803925
0.00058808,1679180628,141801.01000001,14905940,buy,58808,83.39033796080588
0.00991192,1679180628,141843.55383264,14905941,buy,991191,1405.941958104821
0.0054,1679180632,141801.01000001,14905942,buy,540000,765.725454000054
0.0039,1679180632,141801.01000001,14905943,buy,390000,553.0239390000389
0.0053,1679180641,141801.01000001,14905944,buy,530000,751.545353000053
0.004,1679180641,141801.01000001,14905945,buy,400000,567.20404000004
0.0203,1679180641,141841.83402042,14905946,buy,2029999,2879.389230614526
0.01744,1679180641,141868.79042377,14905947,buy,1744000,2474.1917049905487
0.01544,1679180641,141878.16683859,14905948,buy,1544000,2190.5988959878296
0.00802,1679180641,141887.5605782,14905949,buy,801999,1137.938235837164
0.0041,1679180646,141801.01000001,14905950,buy,410000,581.384141000041
0.0068,1679180646,141801.01000001,14905951,buy,680000,964.2468680000679
0.0082,1679180646,141801.01000001,14905952,buy,820000,1162.768282000082
0.00044422,1679180654,141801.01000001,14905953,buy,44422,62.99084466220444
0.00216657,1679180673,141801.01,14905954,sell,216657,307.22181423570004
0.00469839,1679180673,141801.01,14905955,sell,469839,666.2364473739001
0.00067809,1679180686,141738.78044015,14905956,sell,67809,96.11164962866131
0.00212765,1679180711,141732.99999999,14905957,sell,212765,301.5582174499787
0.00511462,1679180715,141733,14905958,buy,511462,724.91043646
0.04834172,1679180715,141735,14905959,buy,4834172,6851.7136842
0.00511462,1679180720,141735,14905960,buy,511462,724.9206657000001
0.0008,1679180720,141993.76483532,14905961,buy,80000,113.59501186825601
0.00232106,1679180720,142000,14905962,buy,232105,329.59051999999997
0.01663,1679180720,142025.89362319,14905963,buy,1663000,2361.8906109536497
0.01629,1679180720,142031.809193,14905964,buy,1629000,2313.6981717539697
0.09823152,1679180720,142035,14905965,buy,9823152,13952.3139432
0.0009,1679180722,141962.25266544,14905966,buy,90000,127.766027398896
0.00074887,1679180722,141962.27260897,14905967,buy,74887,106.31128708867936
0.0003522,1679180725,141961.91150566,14905968,buy,35220,49.99898523229346
0.0009,1679180727,141961.91150565,14905969,buy,90000,127.765720355085
0.0395852,1679180727,142035,14905970,buy,3958520,5622.483882
0.00076291,1679180727,142035,14905971,buy,76291,108.35992185
0.04078682,1679180765,141898,14905972,sell,4078682,5787.5681843600005
0.00012684,1679180796,141903.07185788,14905973,buy,12684,17.998985634453497
3.42e-05,1679180859,141815.87108619,14905974,buy,3420,4.850102791147697
0.00214204,1679180860,141789.41486241,14905975,buy,214204,303.7185982118767
0.0418,1679180908,141672.91846486,14905976,sell,4179999,5921.927991831148
0.0162,1679180908,141668.83208693,14905977,sell,1620000,2295.035079808266
0.0083,1679180908,141664.77544856,14905978,sell,830000,1175.8176362230479
0.01455,1679180908,141658.6028151,14905979,sell,1455000,2061.132670959705
0.01439,1679180908,141658.3489432,14905980,sell,1439000,2038.463641292648
0.01487,1679180908,141658.3163358,14905981,sell,1487000,2106.459163913346
0.0139,1679180908,141643.18531641,14905982,sell,1390000,1968.840275898099
0.00578617,1679180908,141642.3372193,14905983,sell,578617,819.5666423481972
0.00061643,1679180917,141673.97542641,14905984,buy,61642,87.33208867210192
0.0079,1679180921,141666.80346582,14905985,sell,790000,1119.1677473799782
0.0083,1679180921,141652.33224004,14905986,sell,830000,1175.7143575923321
0.01212602,1679180921,141624.64972699,14905987,sell,1212602,1717.3433350824753
7.059e-05,1679180931,141651.65230043,14905988,buy,7059,9.999190135887353
0.00049426,1679180938,141623.55905968,14905989,buy,49425,69.99886030083744
0.00209511,1679180968,141571.0143828,14905990,sell,209510,296.6068479435481
0.00056879,1679181001,141600.61770495,14905991,sell,56879,80.54101534439852
0.00012166,1679181016,141618.0101317,14905992,buy,12166,17.22924711262262
0.0072,1679181035,141525.32951001,14905993,buy,720000,1018.9823724720719
0.0012039,1679181039,141560.13426995,14905994,buy,120390,170.4242456475928
0.0085,1679181078,141781.96623449,14905995,buy,850000,1205.1467129931652
0.00770059,1679181078,141782.14186823,14905996,buy,770059,1091.8061438490734
0.0072,1679181084,141821.23115544,14905997,buy,720000,1021.112864319168
0.00072025,1679181084,141856.83142955,14905998,buy,72025,102.17238283713337
0.0063,1679181090,141753.54370578,14905999,sell,630000,893.047325346414
0.0063,1679181095,141749.50445877,14906000,buy,630000,893.0218780902511
0.0061,1679181133,142136.26014998,14906001,buy,610000,867.031186914878
0.00661126,1679181133,142243.31013374,14906002,buy,661126,940.4075065547898
0.0056,1679181139,142153.67258317,14906003,buy,560000,796.060566465752
0.00710395,1679181139,142192.98616513,14906004,buy,710395,1010.1318640677753
0.006,1679181141,142157.2218693,14906005,buy,600000,852.9433312158001
0.0056,1679181141,142157.223723,14906006,buy,560000,796.0804528488001
0.00110395,1679181141,142157.57788703,14906007,buy,110395,156.93485810838678
0.0043,1679181156,142281.02404824,14906008,buy,430000,611.808403407432
0.00040634,1679181156,142286.52148,14906009,buy,40634,57.816705138183195
0.00150069,1679181157,142280.4156179,14906010,buy,150069,213.51879691362635
0.00480073,1679181161,142286.52148,14906011,buy,480072,683.0791722646803
0.00419237,1679181161,142286.52148,14906012,buy,419237,596.5177440571076
0.00869209,1679181186,142286.52148,14906013,buy,869209,1236.7672504910931
0.00869241,1679181199,142286.52148,14906014,buy,869240,1236.8127821779667
0.00706801,1679181203,142286.52148,14906015,buy,706801,1005.6825566858547
8.05e-06,1679181226,142158.6234703,14906016,sell,804,1.1443769189359148
0.00020453,1679181230,142286.52148,14906017,buy,20453,29.1018622383044
0.0145,1679181244,142286.52147998,14906018,buy,1450000,2063.1545614597103
0.02244999,1679181244,142286.52148,14906019,buy,2244999,3194.330984360785
0.04372494,1679181247,142286.52148,14906020,buy,4372494,6221.46961452171
0.00062494,1679181250,142286.52148,14906021,buy,62494,88.9205387337112
0.0034,1679181258,142286.52148,14906022,buy,340000,483.77417303199996
0.00433433,1679181260,142286.52148,14906023,buy,433433,616.7167386464084
0.0034,1679181261,142286.52148,14906024,buy,340000,483.77417303199996
0.0036,1679181264,142286.52148,14906025,buy,360000,512.231477328
0.0036,1679181267,142286.52148,14906026,buy,360000,512.231477328
0.00422494,1679181268,142286.52148,14906027,buy,422494,601.1520160617112
0.0003937,1679181268,142272.91201815,14906028,sell,39370,56.01284546154565
0.0033,1679181271,142286.52148,14906029,buy,330000,469.545520884
0.00609047,1679181271,142286.52148,14906030,buy,609047,866.5917904782956
0.00133447,1679181271,142321.76682854,14906031,buy,133447,189.9241281796818
0.00062494,1679181274,142282.07066456,14906032,buy,62494,88.91775724111012
0.0035,1679181275,142282.07066455,14906033,buy,350000,497.987247325925
0.0031,1679181279,142314.18488194,14906034,buy,310000,441.173973134014
0.00062494,1679181280,142361.16,14906035,buy,62494,88.9671833304
0.00258067,1679181280,142397.7502936,14906036,buy,258067,367.4816022501847
0.00088138,1679181282,142322.56000001,14906037,buy,88138,125.44025793280882
0.0032,1679181285,142301.92636241,14906038,buy,320000,455.36616435971206
0.016,1679181289,142290.30717032,14906039,sell,1600000,2276.64491472512
0.0137,1679181289,142290.30717031,14906040,sell,1370000,1949.377208233247
0.01197,1679181289,142289.0697396,14906041,sell,1197000,1703.200164783012
0.01399,1679181289,142288.8671079,14906042,sell,1399000,1990.6212508395213
0.01211,1679181289,142288.659818,14906043,sell,1211000,1723.1156703959798
0.01211,1679181289,142288.2918202,14906044,sell,1211000,1723.1112139426218
0.01341,1679181289,142288.0123282,14906045,sell,1341000,1908.0822453211622
0.01298,1679181289,142287.65364679,14906046,sell,1298000,1846.893744335334
0.0124,1679181289,142286.5612989,14906047,sell,1240000,1764.3533601063598
0.01384,1679181289,142286.2005103,14906048,sell,1384000,1969.241015062552
0.01298,1679181289,142285.87421439,14906049,sell,1298000,1846.8706473027823
0.25,1679181289,142282.62,14906050,sell,25000000,35570.655
0.02840351,1679181289,142279.38,14906051,sell,2840351,4041.2337926238
0.0008,1679181289,142342.71587189,14906052,buy,80000,113.874172697512
0.0008,1679181289,142342.72949969,14906053,buy,80000,113.874183599752
0.0009,1679181289,142406.65747087,14906054,buy,90000,128.165991723783
0.0008,1679181289,142406.68736309,14906055,buy,80000,113.925349890472
0.0023,1679181289,142472.88,14906056,buy,230000,327.687624
0.00050159,1679181289,142487.37188737,14906057,buy,50159,71.47024086498593
0.0008,1679181290,142319.63985146,14906058,buy,80000,113.855711881168
0.0008,1679181290,142406.65747086,14906059,buy,80000,113.925325976688
0.0009,1679181290,142408.52984631,14906060,buy,90000,128.167676861679
0.00040203,1679181290,142731.49795658,14906061,buy,40203,57.382344123483854
0.0033,1679181294,142318.19666656,14906062,buy,330000,469.650048999648
0.0031,1679181298,142343.31105268,14906063,buy,310000,441.26426426330795
0.0002,1679181298,142427.70434071,14906064,buy,20000,28.485540868142003
0.00021,1679181303,142331.02765833,14906065,buy,21000,29.8895158082493
0.00062035,1679181319,142227.4656169,14906066,sell,62035,88.23080829544392
0.0008,1679181339,142172.02182779,14906067,buy,80000,113.73761746223201
0.0008,1679181341,142171.48356679,14906068,buy,80000,113.73718685343201
0.0001,1679181341,142172.63174712,14906069,buy,10000,14.217263174712
0.0009,1679181342,142186.65050636,14906070,buy,90000,127.96798545572399
0.0008021,1679181347,142201.06999999,14906071,buy,80210,114.05947824699199
0.0009,1679181351,142264.38055803,14906072,buy,90000,128.037942502227
0.0009,1679181402,142428.82807416,14906073,buy,90000,128.185945266744
0.0008,1679181402,142428.83392777,14906074,buy,80000,113.94306714221601
0.0009,1679181418,142349.74187753,14906075,buy,90000,128.114767689777
0.0008,1679181418,142349.74514782,14906076,buy,80000,113.87979611825601
0.00080085,1679181433,142453.97936143,14906077,buy,80085,114.08426937160122
0.0008,1679181448,142436.00335339,14906078,buy,80000,113.948802682712
0.00021,1679181468,142469.83399162,14906079,buy,21000,29.9186651382402
0.00021,1679181471,142469.83133659,14906080,buy,21000,29.9186645806839
3.176e-05,1679181478,142449.32665885,14906081,sell,3176,4.524190614685076
0.0008,1679181491,142697.29074089,14906082,buy,80000,114.157832592712
0.000101,1679181491,142697.2907409,14906083,buy,10100,14.412426364830901
0.0009,1679181500,142542.40029797,14906084,buy,90000,128.288160268173
0.0009,1679181503,142542.63481727,14906085,buy,90000,128.28837133554302
0.0008,1679181503,142636.68837668,14906086,buy,80000,114.109350701344
0.0001009,1679181503,142722.37586806,14906087,buy,10090,14.400687725087252
0.0008,1679181506,142535.86983011,14906088,buy,80000,114.02869586408801
0.0008,1679181532,142673.28784406,14906089,buy,80000,114.13863027524799
0.0001004,1679181532,142673.28784494,14906090,buy,10040,14.324398099631976
0.0008,1679181547,142708.19191259,14906091,buy,80000,114.16655353007201
0.0009,1679181547,142804.71959994,14906092,buy,90000,128.524247639946
0.0009,1679181547,142892.55309331,14906093,buy,90000,128.603297783979
0.00978308,1679181547,143073.24994,14906094,buy,978308,1399.6970500230152
0.00140853,1679181561,142737.1597993,14906095,sell,140853,201.04957169210803
0.0008,1679181567,142728.62040098,14906096,buy,80000,114.18289632078401
0.00020096,1679181568,142744.64,14906097,sell,20096,28.685962854400003
0.00060074,1679181571,142714.58004001,14906098,buy,60074,85.73435681323562
0.00033994,1679181576,142683.11891314,14906099,buy,33994,48.50369944333281
0.00033993,1679181583,142687.37102389,14906100,buy,33993,48.503718032150935
0.0008,1679181586,142637.83278974,14906101,buy,80000,114.11026623179201
0.0001,1679181586,142657.3436053,14906102,buy,10000,14.26573436053
0.0008,1679181588,142637.83434902,14906103,buy,80000,114.110267479216
0.0009,1679181591,142657.35358098,14906104,buy,90000,128.39161822288202
0.00084145,1679181596,142686.82237144,14906105,buy,84145,120.06382668444819
0.0008,1679181599,142686.82237143,14906106,buy,80000,114.149457897144
0.0008,1679181599,142786.44007123,14906107,buy,80000,114.229152056984
0.00010045,1679181599,142786.46662967,14906108,buy,10045,14.342900572950352
0.0008,1679181605,142648.18670606,14906109,buy,80000,114.118549364848
0.00010082,1679181605,142667.59442618,14906110,buy,10082,14.383746870047467
0.0008,1679181609,142633.33931033,14906111,buy,80000,114.106671448264
0.0008,1679181609,142633.34100851,14906112,buy,80000,114.106672806808
0.0009,1679181613,142629.95947932,14906113,buy,90000,128.366963531388
0.0008,1679181613,142635.71975122,14906114,buy,80000,114.108575800976
0.0009,1679181616,142602.91653681,14906115,buy,90000,128.342624883129
0.0008,1679181620,142657.34000001,14906116,buy,80000,114.12587200000802
2.55e-06,1679181620,142703.57501251,14906117,buy,255,0.36389411628190055
0.00089745,1679181625,142657.34000001,14906118,buy,89745,128.027829783009
0.0008,1679181627,142657.34000001,14906119,buy,80000,114.12587200000802
9.745e-05,1679181627,142703.57501251,14906120,buy,9745,13.906463384969099
0.0008,1679181630,142657.34000001,14906121,buy,80000,114.12587200000802
0.00153743,1679181634,142657.34,14906122,sell,153743,219.3256742362
0.00010506,1679181643,142657.34,14906123,sell,10506,14.9875801404
0.0001,1679181668,142657.34000001,14906124,buy,10000,14.265734000001002
0.0009,1679181668,142679.19908954,14906125,buy,90000,128.41127918058598
0.0009,1679181668,142679.91606692,14906126,buy,90000,128.411924460228
0.00015256,1679181668,142776.88595983,14906127,buy,15255,21.78204172203166
0.02579037,1679181682,142657.34,14906128,sell,2579037,3679.1855818158
0.0356,1679181682,142622.96051819,14906129,sell,3560000,5077.377394447564
0.00272498,1679181682,142598.4718741,14906130,sell,272498,388.57798388748506
0.00034974,1679181686,142598.28468873,14906131,sell,34974,49.87232408703643
0.0009,1679181698,142590.68847347,14906132,buy,90000,128.331619626123
0.0009,1679181701,142591.53277275,14906133,buy,90000,128.332379495475
0.00060211,1679181701,142596.52452971,14906134,buy,60211,85.85879338458369
0.0008,1679181712,142596.18436993,14906135,buy,80000,114.07694749594401
0.0009,1679181716,142603.31999999,14906136,buy,90000,128.34298799999098
0.00016065,1679181717,142683.22000001,14906137,buy,16065,22.92205929300161
0.0008,1679181729,142565.2058815,14906138,buy,80000,114.05216470520001
0.0009,1679181731,142572.35000001,14906139,buy,90000,128.31511500000897
0.00064028,1679181731,142654.11617085,14906140,buy,64028,91.33857750187184
0.0008,1679181735,142565.42222478,14906141,buy,80000,114.052337779824
0.00181493,1679181751,142399.45508784,14906142,sell,181493,258.44504302257343
0.00088388,1679181837,142423.69272024,14906143,sell,88388,125.88545352156574
0.00141201,1679181869,142449.25908342,14906144,sell,141201,201.13977831837988
0.0001023,1679181920,142239.63212943,14906145,buy,10230,14.551114366840691
0.0003514,1679181998,142134.6710786,14906146,buy,35140,49.94612341702003
0.00048067,1679182018,142109.44464,14906147,sell,48067,68.3077467551088
5.245e-05,1679182051,142224.48458965,14906148,buy,5245,7.459674216727143
0.00067538,1679182076,142058.8591543,14906149,sell,67538,95.94371229563113
0.00070396,1679182091,142052.86637495,14906150,buy,70396,99.9995358133098
5.286e-05,1679182102,142036.20353539,14906151,buy,5286,7.508033718880715
6.066e-05,1679182129,142009,14906152,buy,6066,8.61426594
0.00014608,1679182129,141971.29402917,14906153,buy,14608,20.739166631781156
0.00085131,1679182134,141961.92073446,14906154,sell,85131,120.85360274045314
1.025e-05,1679182141,141889.72961495,14906155,buy,1025,1.4543697285532373
0.00067242,1679182149,141871.06593327,14906156,sell,67242,95.39694215484941
0.0009,1679182149,141901.3797042,14906157,buy,90000,127.71124173377999
0.0009,1679182149,141989.17627845,14906158,buy,90000,127.790258650605
0.0008,1679182149,142069.68484819,14906159,buy,80000,113.655747878552
0.00093683,1679182149,142227.99994,14906160,buy,93683,133.2434571837902
0.0009,1679182160,141934.13929176,14906161,buy,90000,127.74072536258399
0.0009,1679182160,142022.94903689,14906162,buy,90000,127.820654133201
0.00162076,1679182160,142227.99994,14906163,buy,162076,230.5174531827544
0.00051942,1679182160,142501.72,14906164,buy,51942,74.0182434024
1e-05,1679182176,141982.03673873,14906165,buy,1000,1.4198203673873002
0.0011904,1679182206,141870.45489547,14906166,sell,119040,168.8825895075675
0.0009,1679182212,141921.06005649,14906167,buy,90000,127.72895405084101
0.00422736,1679182234,142100.88367657,14906168,sell,422736,600.711591618985
0.0399,1679182235,142100.79238494,14906169,sell,3990000,5669.821616159105
0.0164,1679182235,142089.46593869,14906170,sell,1640000,2330.267241394516
0.0159,1679182235,142089.46590162,14906171,sell,1590000,2259.222507835758
0.016,1679182235,142089.46588078,14906172,sell,1600000,2273.4314540924797
0.007,1679182235,142078.33067056,14906173,sell,700000,994.5483146939201
0.007,1679182235,142078.33064804,14906174,sell,700000,994.5483145362799
0.0082,1679182235,142078.28902158,14906175,sell,820000,1165.0419699769561
0.00905,1679182235,141966.36580621,14906176,sell,905000,1284.7956105462006
0.00526167,1679182235,141800.01,14906177,sell,526167,746.1048586167001
1e-05,1679182235,141800,14906178,sell,1000,1.4180000000000001
0.12527833,1679182235,141796,14906179,sell,12527833,17763.96608068
0.00201748,1679182301,141993.38929,14906180,sell,201748,286.4688230247892
0.00083138,1679182301,141993.38924556,14906181,sell,83138,118.0504639509737
0.00156343,1679182317,141993.38933,14906182,sell,156343,221.9967246802019
0.00018372,1679182320,142038.0565176,14906183,buy,18372,26.09523174341347
0.00081326,1679182398,142120.86632357,14906184,sell,81326,115.58121574630653
1.1e-05,1679182419,142128.80211584,14906185,buy,1100,1.5634168232742398
0.00231686,1679182437,142129.74749472,14906186,buy,231686,329.294726780617
4.093e-05,1679182448,142182.79826456,14906187,buy,4093,5.819541932968441
7.5e-06,1679182455,142300,14906188,buy,750,1.06725
0.00838295,1679182455,142327.4688649,14906189,buy,838295,1193.1240551210135
0.00373233,1679182472,142353.20754437,14906190,buy,373233,531.3091471140784
7.722e-05,1679182503,142439.23254948,14906191,buy,7722,10.999157537470843
0.008,1679182507,142438.44713955,14906192,sell,800000,1139.5075771164
0.0077,1679182507,142438.36951258,14906193,sell,770000,1096.775445246866
0.00560097,1679182507,142438.36951258,14906194,sell,560097,797.7930344888752
0.00102535,1679182535,142330.81573001,14906195,buy,102535,145.93890190876576
0.00106763,1679182538,142302.76,14906196,sell,106763,151.9266956588
5e-05,1679182545,142317.46967203,14906197,buy,5000,7.115873483601501
0.00307643,1679182547,142317.46967201,14906198,buy,307643,437.8297332230617
0.0084,1679182561,142249.28994669,14906199,buy,840000,1194.8940355521959
0.0081,1679182561,142249.29134307,14906200,buy,810000,1152.219259878867
0.0083,1679182561,142249.3118837,14906201,buy,830000,1180.66928863471
0.0067,1679182578,142198.82062771,14906202,buy,670000,952.732098205657
3.366e-05,1679182578,142216.00999998,14906203,buy,3366,4.786990896599327
0.00049209,1679182584,142269.13749793,14906204,buy,49209,70.00921987135638
0.00527123,1679182658,142179.14,14906205,sell,527123,749.4589481422
3.867e-05,1679182661,142212.71582778,14906206,buy,3867,5.4993657210602525
0.0019509,1679182722,142305.89,14906207,sell,195090,277.62456080100003
0.00210526,1679182723,142305.89000001,14906208,buy,210526,299.59089798142105
0.00020749,1679182724,142305.89,14906209,sell,20749,29.527049116100002
0.0011,1679182779,142305.89000001,14906210,buy,110000,156.536479000011
0.0054,1679182794,142305.89000001,14906211,buy,540000,768.451806000054
0.0094,1679182794,142325.36658833,14906212,buy,940000,1337.8584459303022
0.00339002,1679182806,142305.89,14906213,sell,339002,482.4198132178001
0.0079,1679182806,142196.56831431,14906214,sell,790000,1123.352889683049
0.00055693,1679182806,142183.00000001,14906215,sell,55693,79.18597819000557
0.00011,1679182824,142172.56045978,14906216,buy,11000,15.638981650575802
0.00011,1679182840,142042.40511889,14906217,buy,11000,15.6246645630779
1.111e-05,1679182841,142038.05,14906218,sell,1111,1.5780427355
0.00096368,1679182841,142000.37718125,14906219,sell,96368,136.84292348202698
0.0059,1679182874,142000.02000001,14906220,buy,590000,837.800118000059
0.00114225,1679182874,142000.02000001,14906221,buy,114225,162.19952284501142
1.1e-05,1679182887,142000.02000001,14906222,buy,1100,1.56200022000011
4.768e-05,1679182901,142000.02000001,14906223,buy,4768,6.7705609536004765
0.00674132,1679182906,142000.02000001,14906224,buy,674132,957.2675748264675
0.00145967,1679182906,142050.25174631,14906225,buy,145967,207.34649096653632
7.5e-06,1679182931,142100,14906226,buy,750,1.06575
3.718e-05,1679182931,142213.24999,14906227,buy,3718,5.2874886346282
0.00269704,1679182939,142221.5712,14906228,buy,269704,383.577266389248
0.00505732,1679182945,142221.5712,14906229,buy,505731,719.259996461184
1.1e-05,1679182949,142000.02,14906230,sell,1100,1.5620002199999998
1.1e-05,1679182949,142000.01,14906231,sell,1100,1.56200011
1.1e-05,1679182949,142000.01,14906232,sell,1100,1.56200011
1e-05,1679182949,142000,14906233,sell,1000,1.4200000000000002
1.1e-05,1679182949,142000,14906234,sell,1100,1.562
1.1e-05,1679182949,141999.99,14906235,sell,1100,1.5619998899999998
0.00020426,1679182949,141905.17741347,14906236,sell,20426,28.98555153847538
0.0035,1679182963,141912.33615724,14906237,sell,350000,496.69317655034
0.00070073,1679182984,141905.17741347,14906238,sell,70073,99.43721496894084
0.00069351,1679183013,142044.69365869,14906239,buy,69351,98.5094154992381
0.0082,1679183023,142013.43645408,14906240,sell,820000,1164.510178923456
0.0156,1679183023,141993.11464882,14906241,sell,1560000,2215.0925885215916
0.0164,1679183023,141992.67889786,14906242,sell,1640000,2328.679933924904
0.00701843,1679183023,141973.93327672,14906243,sell,701843,996.43411252733
0.00011,1679183066,141900.01000001,14906244,buy,11000,15.6090011000011
1.1e-05,1679183081,141900.01,14906245,sell,1100,1.56090011
1.1e-05,1679183089,141900,14906246,sell,1100,1.5609
0.00013,1679183099,141899.99000001,14906247,buy,12999,18.4469987000013
1.1e-05,1679183100,141899.99,14906248,sell,1100,1.56089989
0.00014763,1679183126,141800.00000001,14906249,buy,14763,20.93393400000148
0.00154991,1679183127,141814.64060959,14906250,buy,154991,219.79992962720962
1.1e-05,1679183154,141800,14906251,sell,1100,1.5597999999999999
1.1e-05,1679183154,141799.99,14906252,sell,1100,1.5597998899999999
0.00162122,1679183154,141749.09345082,14906253,sell,162122,229.80646528433837
0.00034874,1679183163,141781.15019205,14906254,buy,34874,49.44475831797552
1.1e-05,1679183168,141719.71473639,14906255,buy,1100,1.5589168621002898
0.00108601,1679183211,141772.95499806,14906256,sell,108601,153.96684685744316
1.1e-05,1679183253,141890.01935588,14906257,buy,1100,1.56079021291468
0.00016502,1679183257,141873.89741,14906258,sell,16502,23.4120305505982
0.00013671,1679183264,141915.08341521,14906259,buy,13671,19.401211053693363
7.5e-06,1679183291,142000,14906260,buy,750,1.065
1.38e-05,1679183291,142062.04298997,14906261,buy,1380,1.960456193261586
0.0076,1679183299,142027.32655056,14906262,buy,760000,1079.407681784256
0.0075,1679183299,142031.84660273,14906263,buy,750000,1065.2388495204748
0.00581195,1679183299,142061.29467327,14906264,buy,581195,825.6531415763116
7.5e-06,1679183324,142100,14906265,buy,750,1.06575
1.85e-06,1679183324,142199.99999999,14906266,buy,185,0.2630699999999815
3.413e-05,1679183380,142098.96825834,14906267,buy,3413,4.849837786657144
7.851e-05,1679183389,142090.24840457,14906268,buy,7851,11.155505402242792
0.00309449,1679183434,141901.4089,14906269,sell,309449,439.11249082696105
1.1e-05,1679183434,141899.99,14906270,sell,1100,1.56089989
0.00140836,1679183434,141870.06,14906271,sell,140836,199.8041177016
0.0084,1679183434,141830.63008727,14906272,sell,840000,1191.3772927330679
0.00844163,1679183434,141800.00000001,14906273,sell,844163,1197.0231340000846
0.00138904,1679183460,141838.62184628,14906274,buy,138904,197.01951928935677
0.00067613,1679183474,141800.00005,14906275,sell,67613,95.8752340338065
2.2e-05,1679183475,141800.00005001,14906276,buy,2200,3.11960000110022
0.001,1679183494,141901.11801835,14906277,buy,100000,141.90111801835002
1.859e-05,1679183506,141953.44991594,14906278,buy,1859,2.6389146339373246
0.00069418,1679183554,141906.89810268,14906279,buy,69418,98.50893052491838
0.0074,1679183562,141831.22385608,14906280,sell,740000,1049.551056534992
0.00330201,1679183562,141830.85987174,14906281,sell,330201,468.3269176050842
2.2e-05,1679183564,141880.12737816,14906282,buy,2200,3.1213628023195197
0.001,1679183598,141981.35201766,14906283,buy,100000,141.98135201766002
0.00110861,1679183599,141932.08504584,14906284,sell,110861,157.3473288026687
0.00303599,1679183631,141957.07612723,14906285,buy,303599,430.980263551509
0.00140441,1679183647,141950.00005001,14906286,buy,140441,199.35599957023456
0.00144217,1679183651,141950.00005001,14906287,sell,144217,204.71603157212294
0.00047807,1679183683,141999.99999999,14906288,sell,47807,67.88593999999522
0.00476948,1679183695,141999.99999999,14906289,sell,476948,677.2661599999523
7.5e-06,1679183715,142000,14906290,buy,750,1.065
1.187e-05,1679183747,141999.99,14906291,sell,1187,1.6855398812999998
0.00138746,1679183748,141999.99000001,14906292,buy,138746,197.0193061254139
0.00020813,1679183763,141999.99,14906293,sell,20813,29.5544579187
0.00041116,1679183763,141950.00005,14906294,sell,41116,58.364162020558
0.0002137,1679183773,141950.00005001,14906295,buy,21370,30.334715010687137
2.2e-05,1679183824,141950,14906296,sell,2200,3.1229
2.2e-05,1679183824,141850,14906297,sell,2200,3.1207
1.1e-05,1679183824,141800,14906298,sell,1100,1.5597999999999999
2.2e-05,1679183824,141800,14906299,sell,2200,3.1195999999999997
2.2e-05,1679183824,141799.99,14906300,sell,2200,3.1195997799999997
0.00178815,1679183824,141729.50541555,14906301,sell,178815,253.43361510881573
0.00019039,1679183858,141902.77402666,14906302,buy,19039,27.016869146935793
7.414e-05,1679183863,141861.79234222,14906303,sell,7414,10.517633284252192
0.00642586,1679183937,141861.79234222,14906304,sell,642586,911.5840169401778
0.00150374,1679183937,141861.79234222,14906305,sell,150374,213.3232516166899
0.00019186,1679183958,142029.0682731,14906306,buy,19186,27.249697038876967
0.00204899,1679183978,141861.79234222,14906307,sell,204899,290.67339389128534
6.831e-05,1679183979,142010.42247728,14906308,buy,6831,9.700731959422997
0.00420765,1679184087,142018.91846,14906309,sell,420765,597.565902258219
0.007,1679184107,141921.00195961,14906310,buy,700000,993.44701371727
0.0092,1679184107,141946.80040237,14906311,buy,920000,1305.910563701804
0.00263,1679184111,141942.58224685,14906312,buy,263000,373.3089913092155
0.00449103,1679184112,141920.07997387,14906313,sell,449103,637.3673367650493
0.00477,1679184113,141942.58224685,14906314,buy,477000,677.0661173174745
0.00709,1679184113,141950.00005,14906315,buy,709000,1006.4255003545001
0.00752533,1679184119,141920.51136258,14906316,buy,752533,1067.9986817721642
0.00077467,1679184121,141920.51136258,14906317,buy,77467,109.94156253724985
0.00081909,1679184121,141950.00005,14906318,buy,81909,116.2698255409545
0.00669091,1679184124,141950.00005,14906319,buy,669091,949.7746748345455
0.02750987,1679184124,142003.12101577,14906320,buy,2750987,3906.4873987381006
0.00699013,1679184132,142003.12101577,14906321,buy,699013,992.6202763059644
7.5e-06,1679184132,142100,14906322,buy,750,1.06575
7.5e-06,1679184132,142200,14906323,buy,750,1.0665
7.5e-06,1679184132,142200,14906324,buy,750,1.0665
7.5e-06,1679184132,142300,14906325,buy,750,1.06725
0.00739646,1679184132,142380.7237166,14906326,buy,739646,1053.1133277408833
0.00936092,1679184172,142035.8489345,14906327,sell,936092,1329.58621900794
0.00014745,1679184184,142035.6346573,14906328,sell,14745,20.943154330218885
0.00087243,1679184205,142272.10730788,14906329,buy,87243,124.12245457861376
0.00019774,1679184212,142270.47324072,14906330,buy,19774,28.13256337861997
0.00263489,1679184217,142264.87800412,14906331,sell,263489,374.85230440427574
0.00142145,1679184236,142236.40215287,14906332,sell,142145,202.18193384019708
0.00031466,1679184273,142233.35563233,14906333,sell,31466,44.75514768326896
0.0007,1679184346,142164.44660841,14906334,buy,70000,99.51511262588701
0.0003519,1679184369,142084.91967625,14906335,buy,35190,49.99968323407237
0.00054433,1679184370,142035.14246512,14906336,sell,54433,77.31398909803877
4.1e-05,1679184394,142113.1900594,14906337,sell,4100,5.826640792435399
0.00015,1679184433,142278.39,14906338,buy,14999,21.3417585
0.00019089,1679184433,142297.4249541,14906339,buy,19089,27.163155449488148
0.00675444,1679184440,142233.33607348,14906340,sell,675444,960.7065345081561
0.00065981,1679184455,142216.70853,14906341,sell,65981,93.8360064551793
0.00036899,1679184476,142295.34843485,14906342,sell,36899,52.505560618975295
0.00032531,1679184512,142348.1152211,14906343,sell,32531,46.30726536257603
7.059e-05,1679184527,142381.39555633,14906344,sell,7059,10.050702712321335
7.5e-06,1679184531,142400,14906345,buy,750,1.068
0.00034348,1679184531,142458.23978626,14906346,buy,34348,48.93155620178459
0.00020429,1679184532,142457.78177763,14906347,buy,20429,29.102700239352036
0.00055035,1679184538,142407.89207068,14906348,buy,55035,78.37418340109875
9.861e-05,1679184539,142399.99999,14906349,sell,9861,14.042063999013902
7.5e-06,1679184609,142500,14906350,buy,750,1.06875
0.00543088,1679184609,142513.02904403,14906351,buy,543088,773.9711591746417
0.00016912,1679184611,142513.02904403,14906352,buy,16912,24.101803471926356
0.0115,1679184611,142569.17023074,14906353,buy,1150000,1639.54545765351
7.5e-06,1679184611,142600,14906354,buy,750,1.0695000000000001
0.00586236,1679184611,142628.8949597,14906355,buy,586236,836.1419286559468
0.0072,1679184671,142462.21590931,14906356,sell,720000,1025.727954547032
0.00916,1679184671,142456.95198199,14906357,sell,916000,1304.9056801550282
0.00982,1679184671,142456.47684559,14906358,sell,982000,1398.9226026236938
0.0165,1679184671,142454.61993478,14906359,sell,1650000,2350.5012289238703
0.0146,1679184671,142454.61991551,14906360,sell,1460000,2079.837450766446
0.01015,1679184671,142449.17822894,14906361,sell,1014999,1445.8591590237409
0.0389,1679184671,142446.94706206,14906362,sell,3889999,5541.186240714133
0.00615012,1679184671,142440.5753151,14906363,sell,615012,876.0266310569028
0.0066,1679184687,142481.01047825,14906364,sell,660000,940.3746691564501
0.0072,1679184687,142480.75779074,14906365,sell,720000,1025.861456093328
0.0147,1679184687,142435.01462274,14906366,sell,1470000,2093.794714954278
0.0148,1679184687,142434.71797801,14906367,sell,1480000,2108.0338260745484
0.0146,1679184687,142434.71486754,14906368,sell,1460000,2079.5468370660838
0.00888795,1679184687,142421.89365179,14906369,sell,888795,1265.8386696824268
7.36e-06,1679184697,142528.81971261,14906370,buy,736,1.0490121130848096
0.004,1679184755,142424.97676367,14906371,sell,400000,569.69990705468
0.00152811,1679184755,142424.97533663,14906372,sell,152811,217.6410290616577
0.00312497,1679184769,142429.44218387,14906373,buy,312497,445.0877339413282
0.00709688,1679184779,142376.01,14906374,sell,709688,1010.4254578488001
0.00061403,1679184790,142406.59508942,14906375,sell,61403,87.44192158275656
0.00058062,1679184809,142432.88705775,14906376,sell,58062,82.6993828834708
0.00094638,1679184809,142467.87102955,14906377,buy,94638,134.82874378494554
7.5e-06,1679184854,142521.79670518,14906378,sell,750,1.06891347528885
7.5e-06,1679184861,142530.40592179,14906379,sell,750,1.068978044413425
0.00165265,1679184878,142574.66234297,14906380,buy,165265,235.62601572110938
3.402e-05,1679184893,142574.66234276,14906381,buy,3402,4.8503900129006965
7.5e-06,1679184895,142524.87585155,14906382,sell,750,1.068936568886625
0.00248,1679184905,142586.94311273,14906383,buy,248000,353.61561891957035
0.00014027,1679184927,142572.20599046,14906384,buy,14027,19.998603334281825
0.00034068,1679184984,142376.00000001,14906385,buy,34068,48.50465568000341
2.2e-05,1679185026,142376,14906386,sell,2200,3.132272
0.0006919,1679185042,142376.00000001,14906387,buy,69190,98.50995440000692
2.2e-05,1679185043,142376,14906388,sell,2200,3.132272
2.2e-05,1679185054,142376.00005,14906389,sell,2200,3.1322720011
6.88e-06,1679185057,142380.44330732,14906390,buy,688,0.9795774499543617
2.2e-05,1679185062,142400,14906391,buy,2200,3.1328
0.0079,1679185062,142418.89902851,14906392,buy,790000,1125.109302325229
0.0158,1679185062,142422.60895028,14906393,buy,1580000,2250.2772214144243
0.01151633,1679185062,142499.99999999,14906394,buy,1151633,1641.0770249998848
2.2e-05,1679185072,142376,14906395,sell,2200,3.132272
0.007,1679185073,142384.31835438,14906396,buy,700000,996.69022848066
0.00077769,1679185073,142395.18382238,14906397,buy,77769,110.73931050682671
8.4e-05,1679185081,142376,14906398,sell,8400,11.959584
0.00160227,1679185081,142354.47569725,14906399,sell,160227,228.09030577543274
0.0081,1679185111,142397.83366592,14906400,buy,810000,1153.422452693952
0.00021761,1679185111,142397.83710831,14906401,buy,21761,30.987193333139338
0.0079,1679185120,142450.96046626,14906402,buy,790000,1125.3625876834542
0.00660415,1679185120,142450.96056121,14906403,buy,660415,940.767511190315
0.0084,1679185123,142465.83290682,14906404,buy,840000,1196.712996417288
0.0071,1679185123,142465.91529344,14906405,buy,710000,1011.507998583424
0.00050725,1679185123,142465.91529355,14906406,buy,50725,72.26583553265324
7.5e-06,1679185145,142500,14906407,buy,750,1.06875
7.5e-06,1679185145,142500,14906408,buy,750,1.06875
6.518e-05,1679185145,142512.34287923,14906409,buy,6518,9.288954508868212
0.0073,1679185149,142499.99999996,14906410,buy,730000,1040.249999999708
0.00261077,1679185149,142517.0569783,14906411,buy,261077,372.0792568472363
0.00016618,1679185176,142379.23347568,14906412,buy,16618,23.660581018988502
0.0066,1679185182,142340.96248169,14906413,buy,660000,939.450352379154
0.00062829,1679185234,142325.70322092,14906414,sell,62829,89.42181607667182
0.00188575,1679185299,142457.76874048,14906415,buy,188575,268.6397374023602
0.00073411,1679185318,142350.89533611,14906416,sell,73411,104.50121577519171
0.00096136,1679185318,142400.33933592,14906417,buy,96136,136.89799022398003
6.81e-06,1679185324,142423.57078594,14906418,buy,681,0.9699045170522514
0.00036151,1679185333,142348.78000001,14906419,sell,36151,51.46050745780362
0.00169943,1679185341,142369.36068269,14906420,buy,169943,241.94676262498385
0.0073,1679185351,142343.2103133,14906421,sell,730000,1039.10543528709
0.0081,1679185351,142343.14757447,14906422,sell,810000,1152.9794953532069
0.00107349,1679185351,142340.25000001,14906423,sell,107349,152.80083497251076
6.81e-06,1679185362,142358.18908826,14906424,buy,681,0.9694592676910506
0.00318839,1679185393,142324.91,14906425,sell,318839,453.78731979490004
7.5e-06,1679185505,142600,14906426,buy,750,1.0695000000000001
0.0007077,1679185505,142616.47397817,14906427,buy,70770,100.9296786343509
8.23e-06,1679185551,142523.80021898,14906428,buy,823,1.1729708758022055
4.5e-05,1679185601,142505.94230613,14906429,sell,4500,6.41276740377585
0.0079,1679185611,142514.28526732,14906430,sell,790000,1125.862853611828
0.0071,1679185611,142514.20302848,14906431,sell,710000,1011.850841502208
0.00429446,1679185611,142485.45347219,14906432,sell,429446,611.8980805181811
2.947e-05,1679185626,142533.98782133,14906433,buy,2947,4.200476621094595
0.0078,1679185665,142281.96627503,14906434,sell,780000,1109.7993369452338
0.0068,1679185665,142254.72982144,14906435,sell,680000,967.332162785792
0.00554634,1679185665,142218.29621138,14906436,sell,554634,788.7910250090254
0.00240945,1679185684,142139.73643171,14906437,buy,240945,342.47858794538365
0.00411754,1679185685,142090.07864707,14906438,sell,411754,585.0615824324567
2.135e-05,1679185720,142162.37805927,14906439,buy,2135,3.035166771565415
0.00739233,1679185731,142208.28144306,14906440,buy,739233,1051.2505451599757
4.28e-05,1679185739,142192.79298471,14906441,sell,4280,6.085851539745587
0.00138518,1679185744,142234.02471723,14906442,buy,138518,197.01972635781266
0.00386465,1679185746,142155.68987395,14906443,sell,386465,549.3819868713608
0.00830369,1679185886,142500,14906444,buy,830369,1183.2758250000002
2.344e-05,1679185894,142499.99999999,14906445,sell,2344,3.3401999999997654
0.00687656,1679185909,142499.99999999,14906446,sell,687656,979.9097999999312
0.0136,1679185909,142476.73036485,14906447,sell,1360000,1937.6835329619598
0.01267161,1679185909,142476.20272062,14906448,sell,1267161,1805.4028751566357
0.00404896,1679185925,142500,14906449,buy,404896,576.9768
0.0074,1679185930,142695.51725466,14906450,buy,740000,1055.946827684484
0.009,1679185930,142695.51725466,14906451,buy,899999,1284.25965529194
0.00272141,1679185937,142765.95117274,14906452,buy,272141,388.52468718100636
0.00517859,1679185937,142765.95117274,14906453,buy,517859,739.3263270836396
0.014,1679185937,142789.38211242,14906454,buy,1400000,1999.0513495738799
0.00372561,1679185937,142814.36828206,14906455,buy,372561,532.0706386153255
0.0007,1679185938,142999.84003019,14906456,buy,70000,100.09988802113301
0.0083,1679185945,142799.89972373,14906457,buy,830000,1185.239167706959
0.00570415,1679185945,142800.3954507,14906458,buy,570415,814.5548757101103
0.00327642,1679185949,142817.30996071,14906459,buy,327642,467.92949070146943
0.001367,1679185951,142817.3099607,14906460,buy,136700,195.2312627162769
0.00584067,1679185954,142849.66320741,14906461,buy,584067,834.3377424056233
0.00344838,1679185966,142834.88414582,14906462,buy,344838,492.54895779076276
0.0074,1679185967,142834.05591248,14906463,buy,740000,1056.972013752352
0.0002,1679185967,142834.88414582,14906464,buy,20000,28.566976829164
0.00690293,1679185976,142928.70148504,14906465,buy,690293,986.6268213421271
6.789e-05,1679185988,142891.63031854,14906466,buy,6789,9.70091278232568
0.00439053,1679186000,142943.71841353,14906467,buy,439053,627.598684006156
0.0068,1679186005,142950.88,14906468,buy,680000,972.065984
0.00551686,1679186005,143001.86106477,14906469,buy,551686,788.9212472337871
6.78e-06,1679186012,142983.06353463,14906470,buy,678,0.9694251707647914
0.0053,1679186015,142950.55563229,14906471,buy,530000,757.6379448511369
0.00030614,1679186015,143012.91070888,14906472,buy,30614,43.78197248441652
0.0049,1679186034,142892.98155287,14906473,buy,490000,700.175609609063
0.0049,1679186035,142893.07888607,14906474,buy,490000,700.176086541743
0.00021481,1679186047,142870.54005,14906475,sell,21481,30.690020708140505
0.0044,1679186084,142870.54005001,14906476,buy,440000,628.630376220044
0.0098,1679186084,142870.54005001,14906477,buy,980000,1400.1312924900978
0.01,1679186084,142883.05,14906478,buy,1000000,1428.8304999999998
0.02159189,1679186084,142900.24679932,14906479,buy,2159189,3085.4864098637695
0.0008,1679186158,142870.54005001,14906480,buy,80000,114.296432040008
0.0008,1679186158,142870.54005001,14906481,buy,80000,114.296432040008
0.0009,1679186158,142942.76470812,14906482,buy,90000,128.648488237308
0.01881,1679186158,143157.83032078,14906483,buy,1881000,2692.7987883338715
0.01881,1679186158,143160.45099938,14906484,buy,1881000,2692.8480832983378
0.00598702,1679186158,143161.52541918,14906485,buy,598702,857.110915915139
7.762e-05,1679186191,142652.19728156,14906486,sell,7762,11.072663552994687
0.0008,1679186215,142644.19637208,14906487,buy,80000,114.11535709766402
0.0006682,1679186215,142733.07893455,14906488,buy,66820,95.3742433440663
6.657e-05,1679186321,142698.01038687,14906489,buy,6656,9.499406551453935
0.00034674,1679186349,142683.00507667,14906490,buy,34674,49.473905180284554
0.00221337,1679186398,142637.39865001,14906491,sell,221337,315.70933904997264
3.377e-05,1679186540,142848.24370836,14906492,sell,3376,4.823985190031317
0.00019478,1679186630,143034.91464698,14906493,buy,19478,27.860340674938765
4.529e-05,1679186678,143081.56510926,14906494,buy,4529,6.480164083798385
0.03965613,1679186704,142995.22907735,14906495,sell,3965613,5670.637393671172
0.0043059,1679186771,143050.89010247,14906496,buy,430589,615.9628276922256
0.00033975,1679186811,143048.61505093,14906497,buy,33975,48.60076696355347
6.78e-06,1679186827,143072.98044312,14906498,buy,678,0.9700348074043537
0.00034922,1679186833,143173.20102832,14906499,buy,34922,49.99894526310992
0.00138387,1679186842,143044.61965524,14906500,buy,138387,197.95515780229698
1.492e-05,1679186872,142894.19779208,14906501,sell,1492,2.1319814310578336
6.99e-06,1679186887,142934.76936033,14906502,buy,699,0.9991140378287068
4.862e-05,1679186891,142934.71355197,14906503,buy,4862,6.949485772896781
0.00017702,1679186898,142971.77755833,14906504,buy,17702,25.30886406337558
0.00034976,1679186904,142954.51972897,14906505,buy,34976,49.999772820404544
0.0036263,1679186954,142916.38639872,14906506,sell,362630,518.2576919976783
0.00023611,1679187044,142911.5084259,14906507,buy,23611,33.74283625443925
0.00083959,1679187057,142866.5372087,14906508,sell,83959,119.94931597505243
7.875e-05,1679187077,142841.53791812,14906509,sell,7875,11.248771111051951
0.00034965,1679187108,142851.03980231,14906510,buy,34965,49.947866066877694
0.00243295,1679187110,142797.33079972,14906511,sell,243295,347.41876596917876
0.00047016,1679187134,142802.25043369,14906512,buy,47016,67.1399060639037
7.487e-05,1679187137,142777.2898304,14906513,buy,7487,10.689735689602049
0.00455778,1679187204,142862.32532107,14906514,sell,455778,651.1350491018665
0.00015604,1679187301,142858.18789897,14906515,buy,15604,22.29159163975528
0.0001365,1679187462,142989.11244012,14906516,buy,13650,19.518013848076382
0.004393,1679187804,143251.52507782,14906517,buy,439300,629.3039496668633
0.000707,1679187805,143251.52507782,14906518,buy,70700,101.27882823001873
0.00321373,1679187805,143258.83267044,14906519,buy,321373,460.39520831797313
0.00077482,1679187830,143258.83267044,14906520,buy,77482,110.99980872971031
1.383e-05,1679187849,143150,14906521,sell,1383,1.9797645
1.285e-05,1679187888,143334.16524931,14906522,buy,1285,1.8418440234536335
0.00025341,1679187898,143280.57659828,14906523,buy,25340,36.30873091577013
7.561e-05,1679187906,143302.23426733,14906524,buy,7561,10.835081932952821
0.0045,1679187935,143190.45545943,14906525,buy,449999,644.357049567435
0.00510737,1679187935,143262.97582399,14906526,buy,510737,731.6970248341719
6.78e-06,1679187980,143014.93221008,14906527,buy,678,0.9696412403843425
0.00011888,1679187997,143045.81258001,14906528,buy,11888,17.00528619951159
0.00209723,1679187998,143045.81258001,14906529,buy,209722,299.99996951717435
7.188e-05,1679188058,142890,14906530,sell,7188,10.2709332
7.658e-05,1679188074,142890.00000001,14906531,sell,7658,10.942516200000767
6.785e-05,1679188102,142973.51717914,14906532,buy,6785,9.700753140604649
5.609e-05,1679188104,142973.51717914,14906533,buy,5609,8.019384578577963
0.00062957,1679188140,142952.50407493,14906534,buy,62957,89.99860799045368
0.00142055,1679188158,142946.95386465,14906535,sell,142055,203.06329531242855
0.00033913,1679188168,143027.41335215,14906536,buy,33913,48.50488669011463
0.0039,1679188236,143108.38295987,14906537,buy,390000,558.122693543493
0.00355615,1679188236,143220.36826398,14906538,buy,355615,509.31311260195247
0.00961437,1679188271,142921.62968769,14906539,sell,961437,1374.1014288204362
0.00274602,1679188272,142924.96663,14906540,sell,274602,392.4748168653126
0.00105069,1679188307,142993.71773721,14906541,buy,105069,150.24206928930917
0.0041,1679188311,143010.87595,14906542,buy,410000,586.344591395
0.00281698,1679188311,143010.89466765,14906543,buy,281698,402.8588300608767
0.0042,1679188325,143038.39314454,14906544,buy,420000,600.761251207068
0.004,1679188325,143038.76694954,14906545,buy,400000,572.1550677981601
0.01891,1679188325,143080.4845932,14906546,buy,1891000,2705.651963657412
0.01522489,1679188325,143082.78306139,14906547,buy,1522489,2178.4196330035256
0.00034958,1679188326,143028.27508822,14906548,buy,34958,49.99982440533994
0.016,1679188336,142963.85005001,14906549,sell,1600000,2287.42160080016
0.0326,1679188336,142963.85005001,14906550,sell,3259999,4660.621511630326
7.558e-05,1679188421,143055.6379751,14906551,sell,7558,10.812145118158059
3.712e-05,1679188435,143021.58272359,14906552,buy,3711,5.30896115069966
0.0109,1679188438,142951.88738398,14906553,buy,1090000,1558.175572485382
0.0062,1679188438,142951.88738398,14906554,buy,620000,886.301701780676
0.00036787,1679188440,142971.54,14906555,sell,36787,52.594940419800004
0.00022024,1679188442,142971.54000001,14906556,buy,22024,31.4880519696022
0.00029189,1679188481,142924.96,14906557,sell,29189,41.7183665744
0.00137848,1679188532,142924.96000001,14906558,buy,137848,197.0191988608138
0.00069966,1679188536,142924.96000001,14906559,buy,69966,99.998877513607
0.00020648,1679188577,143102.39626641,14906560,sell,20648,29.547782781088337
0.0022767,1679188590,143196.93779968,14906561,sell,227670,326.0164682885314
6.77e-06,1679188638,143235.20550995,14906562,buy,677,0.9697023413023615
0.00034571,1679188654,143134.89163967,14906563,sell,34571,49.48316338875032
6.98e-06,1679188690,143172.38656312,14906564,buy,698,0.9993432582105777
0.00029186,1679188770,142924.96000001,14906565,buy,29186,41.71407882560292
0.00010418,1679188818,142937.61609331,14906566,sell,10418,14.891240844601036
0.01671,1679188821,143043.5333412,14906567,buy,1671000,2390.257442131452
0.01898,1679188821,143043.86239019,14906568,buy,1898000,2714.9725081658066
0.0196,1679188821,143043.99400979,14906569,buy,1960000,2803.662282591884
0.00379101,1679188821,143045.01284299,14906570,buy,379101,542.2850741379035
0.00046835,1679188823,143007.30794697,14906571,sell,46835,66.97747267696339
0.0037913,1679188923,143039.63496975,14906572,sell,379130,542.3061680608132
7.361e-05,1679188924,143066.71502002,14906573,buy,7360,10.531140892623672
0.00017419,1679188928,143033.10757043,14906574,sell,17419,24.914937007693204
1.356e-05,1679188933,143073.83200999,14906575,buy,1356,1.9400811620554645
0.00456,1679188954,143106.67425892,14906576,buy,456000,652.5664346206751
0.0001056,1679188957,143117.57237561,14906577,buy,10560,15.113215642864418
0.00119049,1679188964,143116.64004126,14906578,buy,119049,170.3789288027196
0.00027747,1679189006,143109.13361483,14906579,sell,27747,39.70849130410688
0.0001118,1679189055,143018.68892655,14906580,sell,11180,15.98948942198829
0.0046,1679189105,142973.66636441,14906581,buy,460000,657.6788652762859
0.00232505,1679189105,142973.69651434,14906582,buy,232505,332.4209930806662
0.008,1679189129,142994.49908364,14906583,sell,800000,1143.95599266912
0.0084,1679189129,142994.49907272,14906584,sell,840000,1201.153792210848
0.0143,1679189129,142987.52752634,14906585,sell,1430000,2044.7216436266622
0.00553131,1679189129,142987.39635996,14906586,sell,553131,790.9076153598104
6.93e-06,1679189270,143096.0017,14906587,buy,693,0.9916552917809999
0.0061,1679189270,143122.1339932,14906588,buy,610000,873.04501735852
0.0002226,1679189270,143175.56218569,14906589,buy,22260,31.870880142534595
0.00068515,1679189373,143101.37920613,14906590,buy,68515,98.04590996307996
3.854e-05,1679189382,143076.39698223,14906591,sell,3854,5.514164339695145
0.00349253,1679189409,143162.5235802,14906592,buy,349253,499.999408479556
0.01532,1679189438,143189.887643,14906593,buy,1532000,2193.6690786907598
0.01667,1679189438,143190.48480599,14906594,buy,1667000,2386.9853817158537
0.00191999,1679189438,143193.1951948,14906595,buy,191999,274.9295028420641
0.006,1679189444,143225.2816346,14906596,buy,600000,859.3516898076
3.4e-07,1679189444,143283.77660819,14906597,buy,34,0.048716484046784594
2.693e-05,1679189446,143283.77660819,14906598,buy,2693,3.858632104058557
0.0077,1679189505,143320.40302351,14906599,buy,770000,1103.5671032810271
0.0087,1679189505,143320.40886879,14906600,buy,869999,1246.8875571584729
0.0046,1679189511,143369.78857177,14906601,buy,460000,659.501027430142
0.0043,1679189511,143369.79871355,14906602,buy,430000,616.490134468265
0.0051,1679189511,143373.38370342,14906603,buy,510000,731.204256887442
0.0003,1679189511,143374.9268489,14906604,buy,29999,43.01247805467
0.0037,1679189522,143379.5166584,14906605,buy,370000,530.5042116360801
0.01666,1679189522,143590.5980318,14906606,buy,1666000,2392.2193632097883
0.01261708,1679189522,143591.0903866,14906607,buy,1261708,1811.7002746949631
0.0042,1679189545,143516.94452003,14906608,buy,420000,602.7711669841259
0.0076,1679189545,143576.05335886,14906609,buy,760000,1091.178005527336
0.00050648,1679189545,143667.95805153,14906610,buy,50648,72.76494739393893
6.9e-06,1679189557,143562.5235,14906611,buy,690,0.9905814121500001
0.00102775,1679189557,143590.55594317,14906612,buy,102775,147.57519387059298
0.0034,1679189583,143496.80212438,14906613,buy,340000,487.88912722289194
0.0031,1679189583,143497.18754234,14906614,buy,310000,444.84128138125396
0.00300614,1679189583,143567.28574605,14906615,buy,300614,431.58336037263075
0.00267331,1679189629,143557.60677636,14906616,sell,267331,383.7739857713109
0.0008,1679189649,143466.57264441,14906617,buy,80000,114.773258115528
0.0008,1679189658,143445.13449665,14906618,buy,80000,114.75610759732
0.014,1679189664,143453.27000001,14906619,sell,1400000,2008.3457800001402
0.00435092,1679189664,143444.37897865,14906620,sell,435092,624.115017385788
0.0008,1679189665,143471.97841582,14906621,buy,80000,114.777582732656
0.0009,1679189665,143472.19411542,14906622,buy,90000,129.124974703878
5.56e-06,1679189665,143562.40764085,14906623,buy,556,0.798206986483126
0.0009,1679189667,143467.36851141,14906624,buy,90000,129.120631660269
0.0036,1679189673,143426.24610919,14906625,buy,360000,516.334485993084
0.0039,1679189675,143470.41000001,14906626,buy,390000,559.534599000039
0.0002031,1679189675,143508.06529933,14906627,buy,20310,29.146488062293923
0.0062,1679189681,143506.43865952,14906628,buy,620000,889.739919689024
0.00024982,1679189681,143513.41253858,14906629,buy,24982,35.85252072038806
0.0008,1679189752,143417.21635135,14906630,buy,80000,114.73377308108002
0.0008,1679189772,143350.92441586,14906631,buy,80000,114.68073953268801
0.0009,1679189772,143440.17600092,14906632,buy,90000,129.09615840082802
0.00527029,1679189772,143487.7595662,14906633,buy,527029,756.2221043641482
3.382e-05,1679189816,143399.3494279,14906634,buy,3382,4.849765997651577
0.0008,1679189823,143388.63695821,14906635,buy,80000,114.710909566568
0.00067458,1679189823,143478.73121323,14906636,buy,67458,96.7878825018207
0.00024911,1679189846,143319.67114586,14906637,sell,24910,35.70236327914518
6.97e-06,1679189899,143329.6912345,14906638,buy,697,0.999007947904465
0.00018857,1679189928,143334.7686947,14906639,buy,18857,27.02863733275958
0.00061143,1679189939,143334.7686947,14906640,buy,61143,87.63917762300044
0.00019062,1679189939,143335.06351464,14906641,buy,19062,27.322529807160674
0.00060938,1679189944,143335.06351464,14906642,buy,60938,87.34552100455132
0.0009,1679189944,143404.90670279,14906643,buy,90000,129.064416032511
0.00013155,1679189944,143405.1723794,14906644,buy,13155,18.86495042651007
0.01482,1679189947,143481.2408394,14906645,buy,1482000,2126.391989239908
0.01692,1679189947,143481.8989374,14906646,buy,1692000,2427.713730020808
0.01465,1679189947,143481.9891212,14906647,buy,1465000,2102.01114062558
0.01482,1679189947,143482.28892139,14906648,buy,1482000,2126.4075218149997
0.01518,1679189947,143484.9871232,14906649,buy,1518000,2178.102104530176
0.01552,1679189947,143485.5331008,14906650,buy,1552000,2226.895473724416
0.01692,1679189947,143514.0549448,14906651,buy,1692000,2428.2578096660163
0.0143,1679189947,143517.401495,14906652,buy,1430000,2052.2988413785
0.01448,1679189947,143519.6853388,14906653,buy,1448000,2078.165043705824
0.01587,1679189947,143519.80720878,14906654,buy,1586999,2277.6593404033383
0.01622,1679189947,143519.8852056,14906655,buy,1621999,2327.892538034832
0.0066108,1679189947,143521.33545859,14906656,buy,661080,948.7908444496468
0.00166679,1679189962,143326.3419738,14906657,sell,166679,238.8949135385101
0.0008,1679190070,143386.96883871,14906658,buy,80000,114.709575070968
0.00024611,1679190070,143387.63877444,14906659,buy,24611,35.28913177877743
0.00065559,1679190073,143412.07091426,14906660,buy,65559,94.0195195706797
0.0008,1679190090,143430.02255555,14906661,buy,80000,114.74401804444001
0.00066988,1679190090,143484.30001677,14906662,buy,66988,96.11726289523388
0.00020913,1679190092,143446.7151605,14906663,buy,20913,29.999011541515365
0.00371698,1679190093,143422.42628726,14906664,sell,371698,533.0982900612196
0.00080039,1679190108,143521.4163322,14906665,buy,80039,114.87310641812955
0.0008,1679190109,143441.20770855,14906666,buy,80000,114.75296616684001
0.00010072,1679190109,143441.20771044,14906667,buy,10072,14.447398440595517
4.073e-05,1679190157,143382.72517604,14906668,buy,4073,5.839978396420109
0.0008,1679190183,143352.18710298,14906669,buy,80000,114.68174968238401
0.00021136,1679190183,143442.57477699,14906670,buy,21136,30.318022604864606
0.0008,1679190246,143345.41156457,14906671,buy,80000,114.67632925165601
0.0008,1679190246,143424.40347919,14906672,buy,80000,114.739522783352
0.00190333,1679190246,143424.4034792,14906673,buy,190333,272.98396987406574
0.00534185,1679190258,143296.04239495,14906674,sell,534185,765.4659640674637
0.0009,1679190287,143365.78516823,14906675,buy,90000,129.029206651407
0.0004723,1679190287,143430,14906676,buy,47230,67.741989
0.0008,1679190493,143131.66881302,14906677,buy,80000,114.505335050416
0.0008,1679190493,143131.66881303,14906678,buy,80000,114.50533505042401
0.0008,1679190496,143132.1825738,14906679,buy,80000,114.50574605904
0.0008,1679190512,143146.65968661,14906680,buy,80000,114.517327749288
0.0008,1679190514,143146.6596866,14906681,buy,80000,114.51732774928001
3.963e-05,1679190540,143133.17606043,14906682,sell,3963,5.672367767274841
6.77e-06,1679190572,143204.64415986,14906683,buy,677,0.9694954409622523
0.00014714,1679190637,143257.89031189,14906684,buy,14714,21.078965980491493
0.00028508,1679190650,143273.32245186,14906685,sell,28508,40.84435876457625
0.0009,1679190748,143158.37257893,14906686,buy,90000,128.842535321037
0.00369348,1679190748,143219.3028936,14906687,buy,369348,528.9776308514537
0.00210673,1679190749,143139.75536927,14906688,sell,210672,301.55681682910216
0.00011397,1679190760,143157.37926123,14906689,sell,11397,16.31564651440238
0.0008,1679190806,143235.31910223,14906690,buy,80000,114.588255281784
0.00263715,1679190806,143321.63681739,14906691,buy,263715,377.9606545329801
0.00069798,1679190832,143269.02402117,14906692,buy,69798,99.99891338629622
6.409e-05,1679190833,143246.8662309,14906693,sell,6409,9.18069165673838
0.00016929,1679190841,143253.00323727,14906694,buy,16929,24.251300918037437
0.0051597,1679190853,143371.01904979,14906695,buy,515969,739.7514469912014
0.00035,1679190878,143260.7194704,14906696,sell,35000,50.14125181464001
0.02130062,1679190914,143261.90137539,14906697,sell,2130062,3051.56732167466
1.382e-05,1679190914,143261.90137539,14906698,sell,1382,1.9798794770078898
0.00018965,1679190938,143222.1074388,14906699,buy,18965,27.16207267576842
0.01761,1679190944,143183.75469679,14906700,sell,1761000,2521.465920210472
0.01239,1679190944,143163.44203649,14906701,sell,1239000,1773.7950468321112
7.119e-05,1679190947,143203.58476383,14906702,buy,7119,10.194663199337057
0.0032,1679190972,143180.49429514,14906703,buy,320000,458.17758174444805
0.0034,1679190972,143180.50148913,14906704,buy,340000,486.81370506304194
5.528e-05,1679190992,143259.89,14906705,sell,5528,7.9194067192
0.00035589,1679191022,143259.89,14906706,sell,35589,50.984762252100005
0.00342782,1679191022,143259.89,14906707,sell,342782,491.06911613980003
0.00010644,1679191035,143259.89000001,14906708,buy,10644,15.248582691601065
1.327e-05,1679191040,143259.89000001,14906709,buy,1327,1.9010587403001327
0.00019786,1679191079,143259.89000001,14906710,buy,19786,28.34540183540198
0.0031,1679191095,143176.84114055,14906711,buy,310000,443.848207535705
0.00078497,1679191095,143262.61130192,14906712,buy,78497,112.45685199366814
0.0008,1679191105,143195.31257643,14906713,buy,80000,114.55625006114401
0.0009,1679191105,143262.60070959,14906714,buy,90000,128.936340638631
0.00112944,1679191105,143262.6007096,14906715,buy,112944,161.80651174545062
0.0008,1679191208,143313.64060201,14906716,buy,80000,114.65091248160802
0.0001859,1679191208,143359.9095796,14906717,buy,18590,26.65060719084764
0.0009,1679191343,143169.68425714,14906718,buy,90000,128.852715831426
4.572e-05,1679191343,143256.13360759,14906719,buy,4572,6.549670428539015
0.0008,1679191357,143198.04008336,14906720,buy,80000,114.55843206668801
0.0008,1679191357,143198.05695356,14906721,buy,80000,114.55844556284801
0.00101371,1679191357,143256.22379139,14906722,buy,101370,145.22026661956994
0.00251449,1679191459,143301.86950066,14906723,sell,251449,360.3311178407145
0.00011339,1679191507,143300.8909061,14906724,buy,11339,16.248888019842678
6.978e-05,1679191511,143300.53315753,14906725,buy,6978,9.999511203732444
0.00267332,1679191530,143238.20288241,14906726,sell,267332,382.9215525296043
0.00034335,1679191538,143225.36449343,14906727,sell,34335,49.176428898819196
0.01256392,1679191558,143148.7,14906728,sell,1256392,1798.508814904
0.0009,1679191581,143159.78247152,14906729,buy,90000,128.843804224368
0.0008,1679191581,143247.12860625,14906730,buy,80000,114.59770288499999
0.00085718,1679191581,143247.25805795,14906731,buy,85718,122.7886846621136
0.0005599,1679191620,143185.76470965,14906732,sell,55990,80.16970966093302
8.319e-05,1679191652,143196.13997008,14906733,buy,8319,11.912486884110955
0.0008,1679191713,143225.47080815,14906734,buy,80000,114.58037664652002
0.0008,1679191713,143309.99999999,14906735,buy,80000,114.647999999992
0.00027232,1679191713,143310,14906736,buy,27232,39.0261792
4.911e-05,1679191795,143207.31857991,14906737,buy,4911,7.032911415459381
0.0002771,1679191847,143079.27086857,14906738,buy,27710,39.647265957680744
0.0008,1679191880,143032.53785129,14906739,buy,80000,114.426030281032
0.0008,1679191880,143032.54568476,14906740,buy,80000,114.42603654780801
0.0008,1679191880,143032.60196081,14906741,buy,80000,114.426081568648
0.0008,1679191880,143122.09119007,14906742,buy,80000,114.497672952056
0.00371874,1679191880,143146.3199554,14906743,buy,371874,532.3239458709442
0.00033872,1679192072,143197.24106147,14906744,buy,33872,48.50376949234112
0.00072967,1679192153,143199.35784935,14906745,buy,72967,104.4882754419352
0.0009,1679192245,143116.28293687,14906746,buy,90000,128.804654643183
0.00061865,1679192245,143124.94667609,14906747,buy,61865,88.54424826116309
0.01126801,1679192403,143172.9779514,14906748,sell,1126801,1613.2745472861548
0.0009,1679192544,143145.51605055,14906749,buy,90000,128.830964445495
8.151e-05,1679192544,143159,14906750,buy,8151,11.66889009
0.0008,1679192553,143140.752315,14906751,buy,80000,114.512601852
0.0009,1679192553,143143.92458554,14906752,buy,90000,128.82953212698598
0.01233911,1679192636,143172.97,14906753,buy,1233911,1766.6270258567001
0.22456089,1679192636,143251,14906754,buy,22456089,32168.572053390002
0.0008,1679192678,143303.16831653,14906755,buy,80000,114.642534653224
0.00610637,1679192678,143367.7531466,14906756,buy,610637,875.4565467818039
0.00035461,1679192720,143274.21247058,14906757,sell,35461,50.80646848419238
0.0009,1679192777,143308.64440516,14906758,buy,90000,128.97777996464401
0.00394517,1679192777,143373.03499239,14906759,buy,394516,565.6309964609271
0.0003884,1679192830,143284.98712548,14906760,sell,38840,55.65188899953643
0.00191844,1679192842,143370.7706478,14906761,buy,191844,275.04822124156544
0.0008,1679192843,143370.7706478,14906762,buy,80000,114.69661651824
0.01008156,1679192845,143370.7706478,14906763,buy,1008156,1445.4010265320346
0.01188,1679192845,143373.2494836,14906764,buy,1188000,1703.274203865168
0.0008,1679192845,143410.71456896,14906765,buy,80000,114.728571655168
0.0126,1679192845,143457.32637499,14906766,buy,1260000,1807.562312324874
0.01221,1679192845,143457.4531198,14906767,buy,1221000,1751.6155025927578
0.00766884,1679192845,143458.6645076,14906768,buy,766884,1100.1615447224633
0.00102878,1679192856,143518.55638319,14906769,buy,102878,147.64902043589822
8.36e-06,1679192868,143518.28339439,14906770,buy,836,1.1998128491771003
0.00696718,1679192906,143527.0897206,14906771,buy,696718,999.9790689595699
0.00080095,1679192972,143385.0556657,14906772,buy,80095,114.84426033544241
0.0008,1679192993,143414.95291585,14906773,buy,80000,114.73196233268001
0.0009,1679192997,143431.01158996,14906774,buy,90000,129.087910430964
0.00082801,1679192997,143498.54729959,14906775,buy,82801,118.81823214953351
0.02157346,1679193013,143409.28118711,14906776,sell,2157346,3093.83439131887
0.00020915,1679193014,143437.7158477,14906777,buy,20915,29.999998269546452
0.00209135,1679193037,143447.59453944,14906778,buy,209135,299.99912684005784
0.0035,1679193039,143447.59453942,14906779,buy,350000,502.06658088797
0.00450086,1679193039,143510.94703318,14906780,buy,450086,645.9226810637585
2.843e-05,1679193049,143463.49050615,14906781,buy,2843,4.078667035089845
6.964e-05,1679193178,143582.5916621,14906782,buy,6964,9.999091683348643
0.00208938,1679193180,143582.59166209,14906783,buy,208938,299.99859536693765
0.00309811,1679193183,143615.9654625,14906784,buy,309811,444.93805875902586
0.0008,1679193197,143541.55522466,14906785,buy,80000,114.833244179728
0.0004401,1679193208,143544.75731855,14906786,buy,44010,63.174047695893854
0.01707,1679193265,143493.41993944,14906787,sell,1706999,2449.4326783662405
0.03256696,1679193265,143471.62851489,14906788,sell,3256696,4672.434786979282
0.0045,1679193273,143496.59980742,14906789,buy,449999,645.7346991333899
0.00050379,1679193280,143508.34930373,14906790,buy,50379,72.29807129572615
0.00252111,1679193323,143536.1380299,14906791,sell,252111,361.8703929485612
1.048e-05,1679193411,143528.36530306,14906792,buy,1048,1.5041772683760688
0.00137801,1679193414,143528.36530306,14906793,buy,137801,197.78352267126974
0.00069604,1679193513,143508.58570952,14906794,buy,69604,99.8877159972543
1.656e-05,1679193521,143500.11492052,14906795,buy,1656,2.376361903083811
0.00069914,1679193531,143424.23845631,14906796,sell,69914,100.27362207434457
0.00209055,1679193550,143502.85578352,14906797,buy,209055,299.99989515823773
3.379e-05,1679193659,143536.09560972,14906798,buy,3379,4.850084670652439
2.029e-05,1679193765,143372.95343005,14906799,buy,2029,2.9090372250957146
0.00138169,1679193880,143365.92155733,14906800,buy,138169,198.0872601565473
0.00014886,1679193883,143365.9215573,14906801,buy,14886,21.341451083019678
6.769e-05,1679193903,143294.34453329,14906802,buy,6769,9.6995941814584
0.00474915,1679193940,143311.81125635,14906803,sell,474915,680.6092884280945
0.0002301,1679193981,143232.88279111,14906804,sell,23010,32.95788633023441
0.0045,1679193988,143275.6400308,14906805,buy,449999,644.7403801385999
0.0044,1679193988,143279.77127159,14906806,buy,440000,630.430993594996
7e-07,1679193988,143349.71007596,14906807,buy,70,0.100344797053172
5.909e-05,1679194003,143313.65915159,14906808,buy,5909,8.468404119267452
9.743e-05,1679194060,143111.3675728,14906809,sell,9743,13.943340542617902
0.0034189,1679194076,143222.29553594,14906810,sell,341890,489.6627062078253
0.00011618,1679194105,143231.25857493,14906811,sell,11618,16.640607621235368
0.00339541,1679194174,143238.57878311,14906812,buy,339541,486.3537027859595
0.00020312,1679194192,143279.7706841,14906813,buy,20312,29.102987021354387
0.00012191,1679194259,143223.82029943,14906814,buy,12191,17.460415932703512
0.00011047,1679194269,143221.46673014,14906815,buy,11047,15.821675429678567
9.555e-05,1679194286,143227.85341463,14906816,sell,9555,13.685421393767896
0.00054162,1679194295,143288.08946707,14906817,buy,54162,77.60769501715447
1.445e-05,1679194363,143221.46,14906818,sell,1445,2.069550097
0.00013048,1679194482,143259.11605735,14906819,buy,13048,18.69244946316303
0.0035,1679194522,143194.81021564,14906820,buy,350000,501.18183575474
0.004,1679194522,143196.59864079,14906821,buy,400000,572.78639456316
0.00590132,1679194568,143213.41,14906822,sell,590132,845.1481607012
0.00063155,1679194585,143213.41,14906823,sell,63155,90.44642908550001
6.771e-05,1679194608,143252.334835,14906824,buy,6771,9.69961559167785
0.00505585,1679194700,143323,14906825,buy,505585,724.61958955
0.00020922,1679194809,143382.99999999,14906826,buy,20922,29.998591259997905
0.00137418,1679194861,143371.78770958,14906827,buy,137418,197.01864323475067
0.00014378,1679194913,143304.23993967,14906828,sell,14378,20.604283618525752
0.00634301,1679194933,143316.64818878,14906829,sell,634301,909.0589326279134
0.00690675,1679194973,143352.44852,14906830,buy,690675,990.09952381551
0.0001395,1679194991,143364,14906831,buy,13950,19.999278
0.0003383,1679195000,143375.37815618,14906832,buy,33830,48.50389043023569
6.388e-05,1679195275,143338.15663402,14906833,buy,6388,9.1564414457812
0.0038,1679195410,143265.25139123,14906834,buy,380000,544.407955286674
0.0039,1679195410,143265.35859161,14906835,buy,390000,558.734898507279
0.0035,1679195410,143265.36350229,14906836,buy,350000,501.42877225801504
0.0079,1679195410,143326.54307699,14906837,buy,790000,1132.279690308221
0.10129682,1679195410,143333,14906838,buy,10129682,14519.177101059999
1.025e-05,1679195455,143304.49372809,14906839,buy,1025,1.4688710607129225
0.00034732,1679195474,143281.64552618,14906840,sell,34732,49.764581124152826
0.00784588,1679195592,143249.887648,14906841,sell,784588,1123.9214284996901
0.00050783,1679195597,143269.51900694,14906842,buy,50783,72.75655983729435
0.01733,1679195631,143240.72081217,14906843,sell,1733000,2482.3616916749065
0.01024737,1679195631,143236.67031737,14906844,sell,1024737,1467.799158310108
0.00013169,1679195701,143205.12832809,14906845,buy,13169,18.858683349526174
0.00316361,1679195739,143128.48996018,14906846,sell,316361,452.80272212292505
0.00029103,1679195812,143200.30989605,14906847,sell,29103,41.67558618904743
0.00016947,1679195824,143263.17231845,14906848,buy,16947,24.27880981280772
0.00068978,1679195912,143468.91969517,14906849,buy,68978,98.96199142733437
0.000112,1679195913,143389.08898591,14906850,buy,11200,16.05957796642192
0.0001454,1679195936,143374.4957398,14906851,buy,14540,20.84665168056692
9.672e-05,1679196004,143506.86040222,14906852,buy,9672,13.879983538102717
0.00229519,1679196022,143464.90189764,14906853,buy,229519,329.27920818644435
0.00035711,1679196149,143232.85741435,14906854,buy,35711,51.14988571123853
3.921e-05,1679196196,143238.48246877,14906855,buy,3921,5.616380897600472
0.0001215,1679196199,143238.48246877,14906856,buy,12150,17.403475619955554
0.00031544,1679196206,143196.15566876,14906857,buy,31544,45.169795344153655
2.594e-05,1679196229,143196.24423294,14906858,buy,2594,3.714510575402463
1.606e-05,1679196362,143190.71643155,14906859,buy,1605,2.299642905890693
0.00256055,1679196447,143266.26390766,14906860,buy,256055,366.8404320487588
0.00283911,1679196452,143154.26296,14906861,sell,283911,406.4306995123656
0.0236599,1679196452,143146.48142712,14906862,sell,2365990,3386.8314359175165
0.0075,1679196503,143081.31504363,14906863,sell,750000,1073.1098628272248
0.0071,1679196503,143081.24809201,14906864,sell,710000,1015.8768614532711
0.00144099,1679196503,143081.24808139,14906865,sell,144099,206.17864767280216
0.0048,1679196545,143088.28729568,14906866,buy,479999,686.823779019264
0.00211949,1679196545,143088.71891183,14906867,buy,211949,303.27510884643453
0.00020963,1679196615,143104.05127355,14906868,buy,20963,29.998902268474286
0.00015629,1679196644,143031.88607214,14906869,sell,15629,22.354453474214765
0.00268461,1679196653,143041.36668,14906870,sell,268461,384.0102834027948
0.00494405,1679196653,143022.96039822,14906871,sell,494405,707.1126673568195
0.00344488,1679196752,142979.97005001,14906872,buy,344488,492.5488392258784
0.0052846,1679196796,142979.97005,14906873,sell,528460,755.59194972623
0.00114477,1679196796,142979.97,14906874,sell,114477,163.6791802569
0.007,1679196796,142954.49193476,14906875,sell,700000,1000.68144354332
0.00825862,1679196796,142954.2487864,14906876,sell,825862,1180.6048181123388
0.00026652,1679196806,142954.1136986,14906877,sell,26652,38.10013038295087
0.0004411,1679196816,143004.53716798,14906878,buy,44110,63.07930134479597
0.0074,1679196931,143006.64876189,14906879,sell,740000,1058.249200837986
0.01658252,1679196931,143000.78632001,14906880,sell,1658252,2371.313399167292
0.0078,1679197016,142999.1459931,14906881,sell,780000,1115.39333874618
0.0083,1679197016,142999.14128092,14906882,sell,830000,1186.892872631636
0.0163,1679197016,142994.60779703,14906883,sell,1629999,2330.812107091589
0.01698,1679197016,142994.60779702,14906884,sell,1697999,2428.0484403933992
0.0144,1679197016,142975.09025594,14906885,sell,1440000,2058.8412996855363
0.03195831,1679197016,142953.30282118,14906886,sell,3195830,4568.545967083144
0.00274997,1679197063,142964.98011443,14906887,sell,274997,393.1494063652791
0.00030151,1679197101,143021.30868634,14906888,sell,30151,43.12235478201837
2e-05,1679197299,142959.3466838,14906889,sell,2000,2.859186933676
0.00014245,1679197410,142980.81701108,14906890,buy,14245,20.367617383228346
0.0074,1679197439,143031.63595181,14906891,buy,740000,1058.434106043394
0.00800445,1679197439,143031.93595314,14906892,buy,800445,1144.8919797401113
0.00139794,1679197506,143066.6762174,14906893,buy,139794,199.99862935135218
0.00012207,1679197547,143042.28285496,14906894,buy,12207,17.46117146810497
0.002,1679197571,143029.7735244,14906895,sell,200000,286.05954704879997
0.00017077,1679197620,143093.30491551,14906896,buy,17077,24.43604368042164
6.986e-05,1679197716,143135.29017982,14906897,buy,6986,9.999431371962226
0.0077,1679197810,143238.1836775,14906898,buy,770000,1102.93401431675
0.00042,1679197810,143238.20445793,14906899,buy,42000,60.1600458723306
0.0077,1679197816,143244.95132175,14906900,buy,770000,1102.986125177475
0.00042825,1679197820,143260.61478407,14906901,buy,42825,61.351358281277975
0.0072,1679197888,143249.53677195,14906902,buy,720000,1031.3966647580398
0.0076,1679197891,143270.69419483,14906903,buy,760000,1088.857275880708
0.0070038,1679197891,143283.33329141,14906904,buy,700380,1003.5278097063774
0.00456882,1679198007,143286.58076107,14906905,sell,456882,654.6505959127919
0.0082,1679198016,143321.31964141,14906906,buy,820000,1175.2348210595621
6.77e-06,1679198125,143216.65354344,14906907,buy,677,0.9695767444890889
0.0023177,1679198139,143292.73651897,14906908,buy,231769,332.1095754300167
0.00029999,1679198219,143326.15990116,14906909,buy,29998,42.99641470874898
0.00012174,1679198271,143350.17805247,14906910,buy,12174,17.451450676107697
0.0067,1679198277,143346.08905614,14906911,buy,670000,960.418796676138
0.0069,1679198281,143346.39295411,14906912,buy,690000,989.0901113833589
0.0071,1679198393,143383.23155825,14906913,buy,710000,1018.020944063575
0.00640115,1679198393,143434.70786016,14906914,buy,640115,918.1470802190632
0.01229,1679198395,143544.704172,14906915,buy,1229000,1764.16441427388
0.01229,1679198395,143545.23552519,14906916,buy,1229000,1764.170944604585
0.0061,1679198395,143591.26063164,14906917,buy,610000,875.9066898530041
0.0072,1679198395,143591.26065589,14906918,buy,720000,1033.8570767224078
0.0127,1679198395,143622.65563679,14906919,buy,1270000,1824.007726587233
0.01058,1679198395,143622.6556368,14906920,buy,1058000,1519.527696637344
0.01229,1679198395,143623.9255222,14906921,buy,1229000,1765.1380446678381
0.0308,1679198395,143688.71465378,14906922,buy,3080000,4425.612411336425
0.0346,1679198395,143689.50682971,14906923,buy,3460000,4971.656936307966
0.00339345,1679198395,143735.53027,14906924,buy,339345,487.7593351947315
0.01296,1679198397,143685.64330031,14906925,buy,1296000,1862.1659371720177
0.0111,1679198397,143685.83339658,14906926,buy,1110000,1594.9127507020382
0.0242011,1679198397,143711,14906927,buy,2420110,3477.9642820999998
0.00053635,1679198433,143466.94618577,14906928,buy,53635,76.94849658673775
0.00080675,1679198436,143479.96335818,14906929,buy,80675,115.7524604392117
0.0008,1679198468,143625.88206058,14906930,buy,80000,114.90070564846401
0.00080041,1679198468,143725.91480122,14906931,buy,80041,115.0396594660445
9.959e-05,1679198469,143725.91480122,14906932,buy,9959,14.3136638550535
0.00995,1679198469,143786.05759499,14906933,buy,995000,1430.6712730701506
0.0104,1679198469,143786.1014682,14906934,buy,1040000,1495.37545526928
0.00139787,1679198469,143786.1160926,14906935,buy,139787,200.99429810236276
0.0009,1679198476,143705.01926009,14906936,buy,90000,129.334517334081
0.0008,1679198476,143705.56988228,14906937,buy,80000,114.964455905824
0.0008,1679198476,143810.97991968,14906938,buy,80000,115.048783935744
0.00129729,1679198480,143888.581636,14906939,buy,129729,186.66521807056643
0.0008,1679198515,143880.24469544,14906940,buy,80000,115.104195756352
0.0008,1679198515,143978.82593971,14906941,buy,80000,115.183060751768
